TRADE_NO,TRADE_TIME,SECTYPE,SECURITY,ISSUE_NAME,TRADE_TYPE,TRADE_DT,SETTL_DT,TRADE_QTY (Rs in Lacs),PRICE_RATE(Rs.),PRICE_YIELD,ISSUE_DATE,COUPON FREQUENCY,MAT_DATE
1,10:41:15,GS,CG2017,8.07%,NR,1-Jan-03,1-Jan-03,500,117.08,6.227,15-Jan-02,HALF-YEARLY,15-Jan-17
2,10:41:24,GS,CG2017,7.49%,NR,1-Jan-03,1-Jan-03,500,111.95,6.216,16-Apr-02,HALF-YEARLY,16-Apr-17
3,10:41:26,GS,CG2017,7.46%,NR,1-Jan-03,1-Jan-03,500,111.9,6.209,28-Aug-02,HALF-YEARLY,28-Aug-17
4,10:41:29,GS,CG2017,7.46%,NR,1-Jan-03,1-Jan-03,500,111.89,6.21,28-Aug-02,HALF-YEARLY,28-Aug-17
5,10:41:31,GS,CG2017,7.49%,NR,1-Jan-03,1-Jan-03,500,112,6.211,16-Apr-02,HALF-YEARLY,16-Apr-17
6,10:41:34,GS,CG2017,7.46%,NR,1-Jan-03,1-Jan-03,500,111.9,6.209,28-Aug-02,HALF-YEARLY,28-Aug-17
7,10:41:37,GS,CG2012,11.03%,NR,1-Jan-03,1-Jan-03,500,135.6,6.063,18-Jul-00,HALF-YEARLY,18-Jul-12
8,10:41:39,GS,CG2017,7.46%,NR,1-Jan-03,1-Jan-03,500,111.9,6.209,28-Aug-02,HALF-YEARLY,28-Aug-17
9,10:41:41,GS,CG2017,7.49%,NR,1-Jan-03,1-Jan-03,500,111.95,6.216,16-Apr-02,HALF-YEARLY,16-Apr-17
10,10:41:43,GS,CG2017,7.49%,NR,1-Jan-03,1-Jan-03,500,112,6.211,16-Apr-02,HALF-YEARLY,16-Apr-17
11,10:41:45,GS,CG2017,7.46%,NR,1-Jan-03,1-Jan-03,500,111.9,6.209,28-Aug-02,HALF-YEARLY,28-Aug-17
12,10:41:47,GS,CG2017,7.46%,NR,1-Jan-03,1-Jan-03,500,111.85,6.214,28-Aug-02,HALF-YEARLY,28-Aug-17
13,10:41:51,GS,CG2017,7.49%,NR,1-Jan-03,1-Jan-03,500,112,6.211,16-Apr-02,HALF-YEARLY,16-Apr-17
14,10:41:54,GS,CG2012,11.03%,NR,1-Jan-03,1-Jan-03,500,135.6,6.063,18-Jul-00,HALF-YEARLY,18-Jul-12
15,10:41:58,GS,CG2017,8.07%,NR,1-Jan-03,1-Jan-03,2500,117.15,6.22,15-Jan-02,HALF-YEARLY,15-Jan-17
16,10:42:00,GS,CG2017,8.07%,NR,1-Jan-03,1-Jan-03,500,117.1,6.225,15-Jan-02,HALF-YEARLY,15-Jan-17
17,10:42:09,GS,CG2012,7.40%,NR,1-Jan-03,1-Jan-03,1000,109.68,6.03,3-May-02,HALF-YEARLY,3-May-12
18,10:42:12,GS,CG2012,7.40%,NR,1-Jan-03,1-Jan-03,500,109.55,6.048,3-May-02,HALF-YEARLY,3-May-12
19,10:42:15,GS,CG2012,7.40%,NR,1-Jan-03,1-Jan-03,500,109.63,6.037,3-May-02,HALF-YEARLY,3-May-12
20,10:42:18,GS,CG2017,7.46%,NR,1-Jan-03,2-Jan-03,500,111.95,6.204,28-Aug-02,HALF-YEARLY,28-Aug-17
21,10:50:29,GS,CG2019,10.03%,NR,1-Jan-03,1-Jan-03,500,137.3,6.357,9-Aug-01,HALF-YEARLY,9-Aug-19
22,10:50:31,GS,CG2017,8.07%,NR,1-Jan-03,1-Jan-03,500,117.4,6.196,15-Jan-02,HALF-YEARLY,15-Jan-17
23,10:50:32,GS,CG2017,8.07%,NR,1-Jan-03,1-Jan-03,500,117.4,6.196,15-Jan-02,HALF-YEARLY,15-Jan-17
24,10:50:34,GS,CG2022,8.35%,NR,1-Jan-03,1-Jan-03,500,121.55,6.395,14-May-02,HALF-YEARLY,14-May-22
25,10:50:39,GS,CG2015,9.85%,NR,1-Jan-03,1-Jan-03,500,132.75,6.121,16-Oct-01,HALF-YEARLY,16-Oct-15
26,10:50:41,GS,CG2022,8.35%,NR,1-Jan-03,1-Jan-03,500,121.2,6.423,14-May-02,HALF-YEARLY,14-May-22
27,10:50:43,GS,CG2022,8.35%,NR,1-Jan-03,1-Jan-03,2500,121.55,6.395,14-May-02,HALF-YEARLY,14-May-22
28,10:50:46,GS,CG2013,9.81%,NR,1-Jan-03,1-Jan-03,500,128.75,6.052,30-May-01,HALF-YEARLY,30-May-13
29,10:50:51,GS,CG2017,8.07%,NR,1-Jan-03,1-Jan-03,500,117.4,6.196,15-Jan-02,HALF-YEARLY,15-Jan-17
30,10:50:55,GS,CG2017,8.07%,NR,1-Jan-03,1-Jan-03,500,117.1,6.225,15-Jan-02,HALF-YEARLY,15-Jan-17
31,10:50:57,GS,CG2022,8.35%,NR,1-Jan-03,1-Jan-03,500,121.3,6.415,14-May-02,HALF-YEARLY,14-May-22
32,10:51:02,GS,CG2017,7.46%,NR,1-Jan-03,1-Jan-03,500,111.7,6.228,28-Aug-02,HALF-YEARLY,28-Aug-17
33,10:51:04,GS,CG2017,8.07%,NR,1-Jan-03,1-Jan-03,500,117.05,6.23,15-Jan-02,HALF-YEARLY,15-Jan-17
34,10:51:06,GS,CG2017,7.49%,NR,1-Jan-03,1-Jan-03,500,112,6.211,16-Apr-02,HALF-YEARLY,16-Apr-17
35,11:13:04,GS,CG2011A,11.50%,NR,1-Jan-03,1-Jan-03,500,137.18,6.04,24-Nov-00,HALF-YEARLY,24-Nov-11
36,11:13:08,GS,CG2016,10.71%,NR,1-Jan-03,1-Jan-03,1500,140.5,6.196,19-Apr-01,HALF-YEARLY,19-Apr-16
37,11:13:10,GS,CG2016,10.71%,NR,1-Jan-03,1-Jan-03,500,140.5,6.196,19-Apr-01,HALF-YEARLY,19-Apr-16
38,11:13:13,GS,CG2017,7.46%,NR,1-Jan-03,1-Jan-03,500,111.85,6.214,28-Aug-02,HALF-YEARLY,28-Aug-17
39,11:13:17,GS,CG2017,7.46%,NR,1-Jan-03,1-Jan-03,500,111.9,6.209,28-Aug-02,HALF-YEARLY,28-Aug-17
40,11:13:20,GS,CG2017,7.49%,NR,1-Jan-03,1-Jan-03,1000,111.95,6.216,16-Apr-02,HALF-YEARLY,16-Apr-17
41,11:13:23,GS,CG2016,10.71%,NR,1-Jan-03,1-Jan-03,500,140.45,6.2,19-Apr-01,HALF-YEARLY,19-Apr-16
42,11:13:25,GS,CG2016,10.71%,NR,1-Jan-03,1-Jan-03,500,140.32,6.211,19-Apr-01,HALF-YEARLY,19-Apr-16
43,11:13:28,GS,CG2012,7.40%,NR,1-Jan-03,1-Jan-03,2500,109.66,6.033,3-May-02,HALF-YEARLY,3-May-12
44,11:13:31,GS,CG2013,9.81%,NR,1-Jan-03,1-Jan-03,500,128.75,6.052,30-May-01,HALF-YEARLY,30-May-13
45,11:13:33,GS,CG2016,10.71%,NR,1-Jan-03,1-Jan-03,500,140.4,6.204,19-Apr-01,HALF-YEARLY,19-Apr-16
46,11:13:37,GS,CG2015,9.85%,NR,1-Jan-03,1-Jan-03,500,132.75,6.121,16-Oct-01,HALF-YEARLY,16-Oct-15
47,11:13:40,GS,CG2012,7.40%,NR,1-Jan-03,1-Jan-03,1000,109.68,6.03,3-May-02,HALF-YEARLY,3-May-12
48,11:13:43,GS,CG2017,8.07%,NR,1-Jan-03,1-Jan-03,500,117.4,6.196,15-Jan-02,HALF-YEARLY,15-Jan-17
49,11:13:47,GS,CG2017,8.07%,NR,1-Jan-03,1-Jan-03,500,117.3,6.206,15-Jan-02,HALF-YEARLY,15-Jan-17
50,11:13:49,GS,CG2017,7.46%,NR,1-Jan-03,1-Jan-03,500,111.88,6.211,28-Aug-02,HALF-YEARLY,28-Aug-17
51,11:14:05,GS,CG2017,8.07%,NR,1-Jan-03,1-Jan-03,500,117.35,6.201,15-Jan-02,HALF-YEARLY,15-Jan-17
52,11:14:11,GS,CG2017,7.49%,NR,1-Jan-03,1-Jan-03,500,111.95,6.216,16-Apr-02,HALF-YEARLY,16-Apr-17
53,11:14:17,GS,CG2017,7.46%,NR,1-Jan-03,1-Jan-03,500,111.75,6.223,28-Aug-02,HALF-YEARLY,28-Aug-17
54,11:14:22,GS,CG2017,8.07%,NR,1-Jan-03,1-Jan-03,500,117.25,6.21,15-Jan-02,HALF-YEARLY,15-Jan-17
55,11:14:24,GS,CG2017,7.49%,NR,1-Jan-03,1-Jan-03,500,111.95,6.216,16-Apr-02,HALF-YEARLY,16-Apr-17
56,11:14:27,GS,CG2016,10.71%,NR,1-Jan-03,1-Jan-03,500,140.47,6.198,19-Apr-01,HALF-YEARLY,19-Apr-16
58,11:18:23,GS,CG2013,9.81%,NR,1-Jan-03,1-Jan-03,500,128.8,6.046,30-May-01,HALF-YEARLY,30-May-13
59,11:18:26,GS,CG2012,7.40%,NR,1-Jan-03,1-Jan-03,500,109.66,6.033,3-May-02,HALF-YEARLY,3-May-12
60,11:18:32,GS,CG2016,10.71%,NR,1-Jan-03,1-Jan-03,500,140.5,6.196,19-Apr-01,HALF-YEARLY,19-Apr-16
61,11:18:36,GS,CG2017,8.07%,NR,1-Jan-03,1-Jan-03,500,117.27,6.208,15-Jan-02,HALF-YEARLY,15-Jan-17
62,11:18:43,GS,CG2017,7.46%,NR,1-Jan-03,1-Jan-03,500,111.8,6.219,28-Aug-02,HALF-YEARLY,28-Aug-17
63,11:18:47,GS,CG2017,7.46%,NR,1-Jan-03,1-Jan-03,500,111.84,6.215,28-Aug-02,HALF-YEARLY,28-Aug-17
64,11:18:51,GS,CG2011A,11.50%,NR,1-Jan-03,1-Jan-03,500,137.14,6.045,24-Nov-00,HALF-YEARLY,24-Nov-11
65,11:18:55,GS,CG2017,7.46%,NR,1-Jan-03,1-Jan-03,500,111.9,6.209,28-Aug-02,HALF-YEARLY,28-Aug-17
66,11:18:59,GS,CG2017,7.46%,NR,1-Jan-03,1-Jan-03,500,111.6,6.238,28-Aug-02,HALF-YEARLY,28-Aug-17
67,11:19:03,GS,CG2015,9.85%,NR,1-Jan-03,1-Jan-03,500,132.8,6.116,16-Oct-01,HALF-YEARLY,16-Oct-15
69,11:24:08,GS,CG2013,9.81%,NR,1-Jan-03,1-Jan-03,500,128.85,6.041,30-May-01,HALF-YEARLY,30-May-13
70,11:24:11,GS,CG2017,8.07%,NR,1-Jan-03,1-Jan-03,500,117.3,6.206,15-Jan-02,HALF-YEARLY,15-Jan-17
71,11:24:13,GS,CG2017,7.46%,NR,1-Jan-03,1-Jan-03,500,111.75,6.223,28-Aug-02,HALF-YEARLY,28-Aug-17
72,11:24:16,GS,CG2012,11.03%,NR,1-Jan-03,1-Jan-03,500,135.65,6.057,18-Jul-00,HALF-YEARLY,18-Jul-12
73,11:24:20,GS,CG2013,9.81%,NR,1-Jan-03,1-Jan-03,500,128.75,6.052,30-May-01,HALF-YEARLY,30-May-13
74,11:24:23,GS,CG2017,8.07%,NR,1-Jan-03,1-Jan-03,500,117.35,6.201,15-Jan-02,HALF-YEARLY,15-Jan-17
75,11:24:29,GS,CG2017,8.07%,NR,1-Jan-03,1-Jan-03,500,117.33,6.203,15-Jan-02,HALF-YEARLY,15-Jan-17
76,11:29:40,GS,CG2011A,11.50%,NR,1-Jan-03,1-Jan-03,500,137.1,6.05,24-Nov-00,HALF-YEARLY,24-Nov-11
77,11:29:43,GS,CG2017,8.07%,NR,1-Jan-03,1-Jan-03,500,117.33,6.203,15-Jan-02,HALF-YEARLY,15-Jan-17
78,11:29:46,GS,CG2016,10.71%,NR,1-Jan-03,1-Jan-03,500,140.43,6.202,19-Apr-01,HALF-YEARLY,19-Apr-16
79,11:29:49,GS,CG2016,10.71%,NR,1-Jan-03,1-Jan-03,500,140.4,6.204,19-Apr-01,HALF-YEARLY,19-Apr-16
80,11:29:53,GS,CG2013,9.81%,NR,1-Jan-03,1-Jan-03,500,128.85,6.041,30-May-01,HALF-YEARLY,30-May-13
81,11:31:11,GS,CG2026,10.18%,NR,1-Jan-03,1-Jan-03,500,144,6.512,11-Sep-01,HALF-YEARLY,11-Sep-26
82,11:37:02,GS,CG2016,10.71%,NR,1-Jan-03,1-Jan-03,500,140.15,6.226,19-Apr-01,HALF-YEARLY,19-Apr-16
83,11:37:04,GS,CG2017,7.46%,NR,1-Jan-03,1-Jan-03,500,111.8,6.219,28-Aug-02,HALF-YEARLY,28-Aug-17
84,11:37:07,GS,CG2016,10.71%,NR,1-Jan-03,1-Jan-03,500,140.45,6.2,19-Apr-01,HALF-YEARLY,19-Apr-16
85,11:37:09,GS,CG2021,10.25%,NR,1-Jan-03,1-Jan-03,500,141.46,6.39,30-May-01,HALF-YEARLY,30-May-21
86,11:37:11,GS,CG2017,7.49%,NR,1-Jan-03,1-Jan-03,500,112,6.211,16-Apr-02,HALF-YEARLY,16-Apr-17
87,11:37:16,GS,CG2013,9.81%,NR,1-Jan-03,1-Jan-03,500,128.71,6.056,30-May-01,HALF-YEARLY,30-May-13
88,11:37:18,GS,CG2016,10.71%,NR,1-Jan-03,1-Jan-03,500,140.4,6.204,19-Apr-01,HALF-YEARLY,19-Apr-16
89,11:37:23,GS,CG2022,8.35%,NR,1-Jan-03,1-Jan-03,1000,121.45,6.403,14-May-02,HALF-YEARLY,14-May-22
90,11:37:25,GS,CG2022,8.35%,NR,1-Jan-03,1-Jan-03,500,121.3,6.415,14-May-02,HALF-YEARLY,14-May-22
91,11:37:27,GS,CG2017,8.07%,NR,1-Jan-03,1-Jan-03,500,117.4,6.196,15-Jan-02,HALF-YEARLY,15-Jan-17
92,11:37:29,GS,CG2017,8.07%,NR,1-Jan-03,1-Jan-03,500,117.38,6.198,15-Jan-02,HALF-YEARLY,15-Jan-17
93,11:37:33,GS,CG2017,7.49%,NR,1-Jan-03,1-Jan-03,500,111.95,6.216,16-Apr-02,HALF-YEARLY,16-Apr-17
94,11:37:35,GS,CG2017,7.46%,NR,1-Jan-03,1-Jan-03,500,111.9,6.209,28-Aug-02,HALF-YEARLY,28-Aug-17
95,11:37:37,GS,CG2016,10.71%,NR,1-Jan-03,1-Jan-03,500,140.3,6.213,19-Apr-01,HALF-YEARLY,19-Apr-16
96,11:37:39,GS,CG2015,9.85%,NR,1-Jan-03,1-Jan-03,500,132.83,6.113,16-Oct-01,HALF-YEARLY,16-Oct-15
97,11:37:41,GS,CG2013,9.81%,NR,1-Jan-03,1-Jan-03,500,128.73,6.054,30-May-01,HALF-YEARLY,30-May-13
98,11:37:44,GS,CG2017,7.49%,NR,1-Jan-03,1-Jan-03,500,111.85,6.226,16-Apr-02,HALF-YEARLY,16-Apr-17
99,11:37:46,GS,CG2017,7.49%,NR,1-Jan-03,1-Jan-03,500,111.82,6.229,16-Apr-02,HALF-YEARLY,16-Apr-17
100,11:37:52,GS,CG2015,9.85%,NR,1-Jan-03,1-Jan-03,500,132.85,6.111,16-Oct-01,HALF-YEARLY,16-Oct-15
101,11:37:54,GS,CG2015,9.85%,NR,1-Jan-03,1-Jan-03,500,132.7,6.126,16-Oct-01,HALF-YEARLY,16-Oct-15
102,11:38:00,GS,CG2013,9.81%,NR,1-Jan-03,1-Jan-03,500,128.7,6.057,30-May-01,HALF-YEARLY,30-May-13
103,11:38:03,GS,CG2012,7.40%,NR,1-Jan-03,1-Jan-03,500,109.66,6.033,3-May-02,HALF-YEARLY,3-May-12
104,11:38:05,GS,CG2016,10.71%,NR,1-Jan-03,1-Jan-03,500,140.48,6.197,19-Apr-01,HALF-YEARLY,19-Apr-16
105,11:38:08,GS,CG2015,9.85%,NR,1-Jan-03,1-Jan-03,500,132.75,6.121,16-Oct-01,HALF-YEARLY,16-Oct-15
106,11:38:10,GS,CG2016,10.71%,NR,1-Jan-03,1-Jan-03,500,140.48,6.197,19-Apr-01,HALF-YEARLY,19-Apr-16
107,11:38:13,GS,CG2022,8.35%,NR,1-Jan-03,1-Jan-03,2500,121.48,6.401,14-May-02,HALF-YEARLY,14-May-22
108,11:38:15,GS,CG2017,7.46%,NR,1-Jan-03,1-Jan-03,500,111.8,6.219,28-Aug-02,HALF-YEARLY,28-Aug-17
109,11:38:18,GS,CG2017,7.46%,NR,1-Jan-03,1-Jan-03,500,111.67,6.231,28-Aug-02,HALF-YEARLY,28-Aug-17
110,11:38:20,GS,CG2012,7.40%,NR,1-Jan-03,1-Jan-03,500,109.66,6.033,3-May-02,HALF-YEARLY,3-May-12
111,11:38:23,GS,CG2017,7.49%,NR,1-Jan-03,1-Jan-03,500,112,6.211,16-Apr-02,HALF-YEARLY,16-Apr-17
112,11:38:25,GS,CG2017,8.07%,NR,1-Jan-03,1-Jan-03,500,117.3,6.206,15-Jan-02,HALF-YEARLY,15-Jan-17
113,11:38:29,GS,CG2011,9.39%,NR,1-Jan-03,2-Jan-03,500,122.05,6.04,2-Jul-01,HALF-YEARLY,2-Jul-11
114,11:38:30,GS,CG2017,7.49%,NR,1-Jan-03,1-Jan-03,500,112,6.211,16-Apr-02,HALF-YEARLY,16-Apr-17
115,11:38:32,GS,CG2017,7.46%,NR,1-Jan-03,1-Jan-03,500,111.84,6.215,28-Aug-02,HALF-YEARLY,28-Aug-17
116,11:38:34,GS,CG2012,11.03%,NR,1-Jan-03,1-Jan-03,500,135.5,6.074,18-Jul-00,HALF-YEARLY,18-Jul-12
117,11:38:39,GS,CG2026,10.18%,NR,1-Jan-03,1-Jan-03,2500,143.6,6.537,11-Sep-01,HALF-YEARLY,11-Sep-26
118,11:38:41,GS,CG2017,8.07%,NR,1-Jan-03,1-Jan-03,500,117.22,6.213,15-Jan-02,HALF-YEARLY,15-Jan-17
119,11:38:44,GS,CG2012,7.40%,NR,1-Jan-03,1-Jan-03,1500,109.7,6.028,3-May-02,HALF-YEARLY,3-May-12
120,11:38:48,GS,CG2011,9.39%,NR,1-Jan-03,2-Jan-03,1000,122.3,6.006,2-Jul-01,HALF-YEARLY,2-Jul-11
121,11:41:38,GS,CG2017,7.46%,NR,1-Jan-03,1-Jan-03,500,111.75,6.223,28-Aug-02,HALF-YEARLY,28-Aug-17
122,11:41:40,GS,CG2011A,11.50%,NR,1-Jan-03,1-Jan-03,500,137,6.062,24-Nov-00,HALF-YEARLY,24-Nov-11
123,11:41:42,GS,CG2017,7.46%,NR,1-Jan-03,1-Jan-03,2500,111.92,6.207,28-Aug-02,HALF-YEARLY,28-Aug-17
124,11:49:20,GS,CG2021,10.25%,NR,1-Jan-03,2-Jan-03,500,141.53,6.385,30-May-01,HALF-YEARLY,30-May-21
125,11:49:23,GS,CG2017,7.46%,NR,1-Jan-03,1-Jan-03,1000,111.9,6.209,28-Aug-02,HALF-YEARLY,28-Aug-17
126,11:49:33,GS,CG2017,7.46%,NR,1-Jan-03,1-Jan-03,500,111.95,6.204,28-Aug-02,HALF-YEARLY,28-Aug-17
127,11:49:35,GS,CG2017,8.07%,NR,1-Jan-03,1-Jan-03,500,117.05,6.23,15-Jan-02,HALF-YEARLY,15-Jan-17
128,11:49:37,GS,CG2019,10.03%,NR,1-Jan-03,1-Jan-03,500,137.5,6.342,9-Aug-01,HALF-YEARLY,9-Aug-19
129,11:49:39,GS,CG2017,8.07%,NR,1-Jan-03,1-Jan-03,500,117.3,6.206,15-Jan-02,HALF-YEARLY,15-Jan-17
130,11:49:41,GS,CG2016,10.71%,NR,1-Jan-03,1-Jan-03,500,140.45,6.2,19-Apr-01,HALF-YEARLY,19-Apr-16
131,11:49:43,GS,CG2017,7.46%,NR,1-Jan-03,1-Jan-03,500,111.8,6.219,28-Aug-02,HALF-YEARLY,28-Aug-17
132,11:49:45,GS,CG2017,8.07%,NR,1-Jan-03,1-Jan-03,500,117.29,6.207,15-Jan-02,HALF-YEARLY,15-Jan-17
133,11:49:48,GS,CG2012,7.40%,NR,1-Jan-03,1-Jan-03,500,109.7,6.028,3-May-02,HALF-YEARLY,3-May-12
134,11:49:50,GS,CG2011,10.95%,NR,1-Jan-03,1-Jan-03,500,131.71,6.083,30-May-00,HALF-YEARLY,30-May-11
135,11:49:52,GS,CG2011A,11.50%,NR,1-Jan-03,1-Jan-03,500,137.15,6.044,24-Nov-00,HALF-YEARLY,24-Nov-11
136,11:49:55,GS,CG2017,7.46%,NR,1-Jan-03,1-Jan-03,500,111.9,6.209,28-Aug-02,HALF-YEARLY,28-Aug-17
137,11:49:57,GS,CG2019,10.03%,NR,1-Jan-03,1-Jan-03,500,137.6,6.334,9-Aug-01,HALF-YEARLY,9-Aug-19
138,11:50:00,GS,CG2015,9.85%,NR,1-Jan-03,1-Jan-03,500,132.6,6.135,16-Oct-01,HALF-YEARLY,16-Oct-15
139,11:50:02,GS,CG2015,9.85%,NR,1-Jan-03,1-Jan-03,500,132.71,6.125,16-Oct-01,HALF-YEARLY,16-Oct-15
140,11:50:05,GS,CG2019,10.03%,NR,1-Jan-03,1-Jan-03,500,137.6,6.334,9-Aug-01,HALF-YEARLY,9-Aug-19
141,11:50:08,GS,CG2012,7.40%,NR,1-Jan-03,1-Jan-03,500,109.7,6.028,3-May-02,HALF-YEARLY,3-May-12
142,11:50:13,GS,CG2011,10.95%,NR,1-Jan-03,1-Jan-03,1000,131.73,6.08,30-May-00,HALF-YEARLY,30-May-11
143,11:50:15,GS,CG2017,7.46%,NR,1-Jan-03,1-Jan-03,500,111.92,6.207,28-Aug-02,HALF-YEARLY,28-Aug-17
144,11:50:21,TB,91D,280303,NR,1-Jan-03,1-Jan-03,1500,98.746,5.39,27-Dec-02,,28-Mar-03
145,11:50:23,GS,CG2011A,11.50%,NR,1-Jan-03,1-Jan-03,500,137.13,6.046,24-Nov-00,HALF-YEARLY,24-Nov-11
146,11:50:26,GS,CG2017,7.46%,NR,1-Jan-03,1-Jan-03,500,111.85,6.214,28-Aug-02,HALF-YEARLY,28-Aug-17
147,11:50:28,GS,CG2016,10.71%,NR,1-Jan-03,1-Jan-03,500,140.45,6.2,19-Apr-01,HALF-YEARLY,19-Apr-16
148,11:50:30,GS,CG2011A,11.50%,NR,1-Jan-03,1-Jan-03,500,137,6.062,24-Nov-00,HALF-YEARLY,24-Nov-11
149,11:50:34,GS,CG2017,7.46%,NR,1-Jan-03,1-Jan-03,500,111.85,6.214,28-Aug-02,HALF-YEARLY,28-Aug-17
150,11:50:36,GS,CG2013,9.81%,NR,1-Jan-03,1-Jan-03,500,128.7,6.057,30-May-01,HALF-YEARLY,30-May-13
151,11:50:38,GS,CG2017,7.46%,NR,1-Jan-03,1-Jan-03,500,111.92,6.207,28-Aug-02,HALF-YEARLY,28-Aug-17
152,11:50:40,GS,CG2008,11.40%,NR,1-Jan-03,1-Jan-03,500,126.88,5.77,31-Aug-00,HALF-YEARLY,31-Aug-08
153,11:50:42,GS,CG2017,8.07%,NR,1-Jan-03,1-Jan-03,500,117.4,6.196,15-Jan-02,HALF-YEARLY,15-Jan-17
154,12:00:08,GS,CG2022,8.35%,NR,1-Jan-03,1-Jan-03,500,121.4,6.407,14-May-02,HALF-YEARLY,14-May-22
155,12:00:10,GS,CG2017,8.07%,NR,1-Jan-03,1-Jan-03,500,117.27,6.208,15-Jan-02,HALF-YEARLY,15-Jan-17
156,12:00:12,GS,CG2017,8.07%,NR,1-Jan-03,1-Jan-03,500,117.27,6.208,15-Jan-02,HALF-YEARLY,15-Jan-17
157,12:00:20,GS,CG2019,10.03%,NR,1-Jan-03,1-Jan-03,500,137.65,6.33,9-Aug-01,HALF-YEARLY,9-Aug-19
158,12:00:22,GS,CG2015,9.85%,NR,1-Jan-03,1-Jan-03,500,132.65,6.13,16-Oct-01,HALF-YEARLY,16-Oct-15
159,12:00:29,GS,CG2011A,11.50%,NR,1-Jan-03,1-Jan-03,500,137.15,6.044,24-Nov-00,HALF-YEARLY,24-Nov-11
160,12:00:31,GS,CG2019,10.03%,NR,1-Jan-03,1-Jan-03,500,137.5,6.342,9-Aug-01,HALF-YEARLY,9-Aug-19
161,12:00:33,GS,CG2016,10.71%,NR,1-Jan-03,1-Jan-03,500,140.3,6.213,19-Apr-01,HALF-YEARLY,19-Apr-16
162,12:00:35,GS,CG2017,7.49%,NR,1-Jan-03,2-Jan-03,500,112,6.211,16-Apr-02,HALF-YEARLY,16-Apr-17
163,12:00:40,GS,CG2013,9.81%,NR,1-Jan-03,1-Jan-03,500,128.8,6.046,30-May-01,HALF-YEARLY,30-May-13
164,12:00:43,GS,CG2011,9.39%,NR,1-Jan-03,2-Jan-03,1000,122.15,6.026,2-Jul-01,HALF-YEARLY,2-Jul-11
165,12:00:45,GS,CG2016,10.71%,NR,1-Jan-03,1-Jan-03,500,140.4,6.204,19-Apr-01,HALF-YEARLY,19-Apr-16
166,12:00:47,GS,CG2017,7.46%,NR,1-Jan-03,1-Jan-03,500,111.84,6.215,28-Aug-02,HALF-YEARLY,28-Aug-17
167,12:00:49,GS,CG2011A,11.50%,NR,1-Jan-03,2-Jan-03,1000,137.1,6.048,24-Nov-00,HALF-YEARLY,24-Nov-11
168,12:00:51,GS,CG2012,7.40%,NR,1-Jan-03,1-Jan-03,2500,109.68,6.03,3-May-02,HALF-YEARLY,3-May-12
169,12:00:53,GS,CG2017,7.49%,NR,1-Jan-03,2-Jan-03,500,112,6.211,16-Apr-02,HALF-YEARLY,16-Apr-17
170,12:00:56,GS,CG2017,7.49%,NR,1-Jan-03,2-Jan-03,500,112,6.211,16-Apr-02,HALF-YEARLY,16-Apr-17
171,12:00:58,GS,CG2017,7.46%,NR,1-Jan-03,1-Jan-03,500,111.85,6.214,28-Aug-02,HALF-YEARLY,28-Aug-17
172,12:01:00,GS,CG2011A,11.50%,NR,1-Jan-03,1-Jan-03,1000,137.1,6.05,24-Nov-00,HALF-YEARLY,24-Nov-11
173,12:01:03,GS,CG2017,8.07%,NR,1-Jan-03,1-Jan-03,1000,117.41,6.195,15-Jan-02,HALF-YEARLY,15-Jan-17
174,12:01:05,GS,CG2015,9.85%,NR,1-Jan-03,1-Jan-03,500,132.74,6.122,16-Oct-01,HALF-YEARLY,16-Oct-15
175,12:01:08,GS,CG2012,11.03%,NR,1-Jan-03,1-Jan-03,1000,135.85,6.034,18-Jul-00,HALF-YEARLY,18-Jul-12
176,12:01:10,GS,CG2017,8.07%,NR,1-Jan-03,1-Jan-03,500,117.41,6.195,15-Jan-02,HALF-YEARLY,15-Jan-17
177,12:01:12,GS,CG2022,8.35%,NR,1-Jan-03,1-Jan-03,1000,121.5,6.399,14-May-02,HALF-YEARLY,14-May-22
178,12:01:15,GS,CG2017,8.07%,NR,1-Jan-03,1-Jan-03,500,117.23,6.212,15-Jan-02,HALF-YEARLY,15-Jan-17
179,12:01:17,GS,CG2011,9.39%,NR,1-Jan-03,2-Jan-03,500,122.3,6.006,2-Jul-01,HALF-YEARLY,2-Jul-11
180,12:01:19,GS,CG2015,9.85%,NR,1-Jan-03,1-Jan-03,500,132.62,6.133,16-Oct-01,HALF-YEARLY,16-Oct-15
181,12:01:21,GS,CG2017,8.07%,NR,1-Jan-03,1-Jan-03,500,117.4,6.196,15-Jan-02,HALF-YEARLY,15-Jan-17
182,12:01:23,GS,CG2011A,11.50%,NR,1-Jan-03,1-Jan-03,1000,137.15,6.044,24-Nov-00,HALF-YEARLY,24-Nov-11
183,12:01:26,GS,CG2013,9.81%,NR,1-Jan-03,1-Jan-03,500,128.67,6.06,30-May-01,HALF-YEARLY,30-May-13
184,12:01:29,GS,CG2021,10.25%,NR,1-Jan-03,2-Jan-03,1000,141.45,6.391,30-May-01,HALF-YEARLY,30-May-21
185,12:01:39,TB,91D,70203,NR,1-Jan-03,1-Jan-03,2500,99.4556,5.4,8-Nov-02,,7-Feb-03
186,12:16:11,GS,CG2013,9.81%,NR,1-Jan-03,2-Jan-03,500,128.6,6.068,30-May-01,HALF-YEARLY,30-May-13
187,12:16:13,GS,CG2015,9.85%,NR,1-Jan-03,1-Jan-03,1000,132.82,6.114,16-Oct-01,HALF-YEARLY,16-Oct-15
188,12:16:15,GS,CG2013,9.81%,NR,1-Jan-03,1-Jan-03,500,128.68,6.059,30-May-01,HALF-YEARLY,30-May-13
189,12:16:17,GS,CG2016,10.71%,NR,1-Jan-03,1-Jan-03,500,140.45,6.2,19-Apr-01,HALF-YEARLY,19-Apr-16
190,12:16:21,GS,CG2011A,11.50%,NR,1-Jan-03,1-Jan-03,500,137.18,6.04,24-Nov-00,HALF-YEARLY,24-Nov-11
191,12:16:24,GS,CG2012,7.40%,NR,1-Jan-03,1-Jan-03,1000,109.64,6.036,3-May-02,HALF-YEARLY,3-May-12
192,12:16:25,GS,CG2016,10.71%,NR,1-Jan-03,1-Jan-03,500,140.35,6.209,19-Apr-01,HALF-YEARLY,19-Apr-16
193,12:16:27,GS,CG2017,7.46%,NR,1-Jan-03,1-Jan-03,500,111.96,6.203,28-Aug-02,HALF-YEARLY,28-Aug-17
194,12:16:29,GS,CG2008,11.40%,NR,1-Jan-03,1-Jan-03,500,126.94,5.76,31-Aug-00,HALF-YEARLY,31-Aug-08
195,12:16:31,GS,CG2016,10.71%,NR,1-Jan-03,1-Jan-03,2500,140.5,6.196,19-Apr-01,HALF-YEARLY,19-Apr-16
196,12:16:33,GS,CG2011A,11.50%,NR,1-Jan-03,1-Jan-03,2500,137.1,6.05,24-Nov-00,HALF-YEARLY,24-Nov-11
197,12:16:36,GS,CG2022,8.35%,NR,1-Jan-03,1-Jan-03,500,121.5,6.399,14-May-02,HALF-YEARLY,14-May-22
198,12:16:40,GS,CG2012,11.03%,NR,1-Jan-03,1-Jan-03,500,135.5,6.074,18-Jul-00,HALF-YEARLY,18-Jul-12
199,12:16:42,GS,CG2012,7.40%,NR,1-Jan-03,1-Jan-03,500,109.6,6.041,3-May-02,HALF-YEARLY,3-May-12
200,12:16:44,GS,CG2017,7.46%,NR,1-Jan-03,1-Jan-03,500,111.78,6.22,28-Aug-02,HALF-YEARLY,28-Aug-17
201,12:16:46,GS,CG2022,8.35%,NR,1-Jan-03,1-Jan-03,500,121.25,6.419,14-May-02,HALF-YEARLY,14-May-22
202,12:16:48,GS,CG2012,7.40%,NR,1-Jan-03,1-Jan-03,500,109.68,6.03,3-May-02,HALF-YEARLY,3-May-12
203,12:16:54,GS,CG2012,7.40%,NR,1-Jan-03,1-Jan-03,500,109.68,6.03,3-May-02,HALF-YEARLY,3-May-12
204,12:16:56,GS,CG2012,7.40%,NR,1-Jan-03,1-Jan-03,500,109.68,6.03,3-May-02,HALF-YEARLY,3-May-12
205,12:16:58,GS,CG2017,8.07%,NR,1-Jan-03,1-Jan-03,500,117.1,6.225,15-Jan-02,HALF-YEARLY,15-Jan-17
206,12:17:00,GS,CG2012,7.40%,NR,1-Jan-03,1-Jan-03,500,109.62,6.038,3-May-02,HALF-YEARLY,3-May-12
207,12:17:02,GS,CG2017,8.07%,NR,1-Jan-03,1-Jan-03,500,117.4,6.196,15-Jan-02,HALF-YEARLY,15-Jan-17
208,12:17:03,GS,CG2015,9.85%,NR,1-Jan-03,1-Jan-03,500,132.7,6.126,16-Oct-01,HALF-YEARLY,16-Oct-15
209,12:17:06,GS,CG2022,8.35%,NR,1-Jan-03,1-Jan-03,500,121.45,6.403,14-May-02,HALF-YEARLY,14-May-22
210,12:17:08,GS,CG2021,10.25%,NR,1-Jan-03,1-Jan-03,500,141.5,6.388,30-May-01,HALF-YEARLY,30-May-21
211,12:17:11,GS,CG2017,8.07%,NR,1-Jan-03,1-Jan-03,500,117.2,6.215,15-Jan-02,HALF-YEARLY,15-Jan-17
212,12:17:12,GS,CG2017,8.07%,NR,1-Jan-03,1-Jan-03,500,117.28,6.208,15-Jan-02,HALF-YEARLY,15-Jan-17
213,12:17:27,GS,CG2015,9.85%,NR,1-Jan-03,1-Jan-03,500,132.7,6.126,16-Oct-01,HALF-YEARLY,16-Oct-15
214,12:17:30,GS,CG2011A,11.50%,NR,1-Jan-03,1-Jan-03,500,137.15,6.044,24-Nov-00,HALF-YEARLY,24-Nov-11
215,12:17:32,GS,CG2013,9.81%,NR,1-Jan-03,1-Jan-03,500,128.65,6.063,30-May-01,HALF-YEARLY,30-May-13
216,12:17:34,GS,CG2012,11.03%,NR,1-Jan-03,1-Jan-03,500,135.71,6.05,18-Jul-00,HALF-YEARLY,18-Jul-12
217,12:17:36,GS,CG2022,8.35%,NR,1-Jan-03,1-Jan-03,500,121.35,6.411,14-May-02,HALF-YEARLY,14-May-22
218,12:17:38,GS,CG2012,11.03%,NR,1-Jan-03,1-Jan-03,500,135.7,6.051,18-Jul-00,HALF-YEARLY,18-Jul-12
219,12:17:40,GS,CG2017,8.07%,NR,1-Jan-03,1-Jan-03,500,117.4,6.196,15-Jan-02,HALF-YEARLY,15-Jan-17
220,12:17:42,GS,CG2015,9.85%,NR,1-Jan-03,1-Jan-03,500,132.8,6.116,16-Oct-01,HALF-YEARLY,16-Oct-15
221,12:17:44,GS,CG2017,8.07%,NR,1-Jan-03,1-Jan-03,500,117.4,6.196,15-Jan-02,HALF-YEARLY,15-Jan-17
222,12:17:46,GS,CG2011A,11.50%,NR,1-Jan-03,1-Jan-03,500,137.13,6.046,24-Nov-00,HALF-YEARLY,24-Nov-11
223,12:17:49,GS,CG2011A,11.50%,NR,1-Jan-03,1-Jan-03,500,137.1,6.05,24-Nov-00,HALF-YEARLY,24-Nov-11
224,12:17:51,GS,CG2011A,11.50%,NR,1-Jan-03,1-Jan-03,500,137.1,6.05,24-Nov-00,HALF-YEARLY,24-Nov-11
225,12:17:54,GS,CG2012,7.40%,NR,1-Jan-03,1-Jan-03,2000,109.65,6.034,3-May-02,HALF-YEARLY,3-May-12
226,12:17:56,GS,CG2012,7.40%,NR,1-Jan-03,1-Jan-03,1000,109.65,6.034,3-May-02,HALF-YEARLY,3-May-12
227,12:17:58,GS,CG2011A,11.50%,NR,1-Jan-03,1-Jan-03,500,137.15,6.044,24-Nov-00,HALF-YEARLY,24-Nov-11
228,12:18:00,GS,CG2011A,11.50%,NR,1-Jan-03,1-Jan-03,500,137.15,6.044,24-Nov-00,HALF-YEARLY,24-Nov-11
229,12:18:04,GS,CG2017,8.07%,NR,1-Jan-03,1-Jan-03,500,116.95,6.24,15-Jan-02,HALF-YEARLY,15-Jan-17
230,12:37:17,GS,CG2017,7.46%,NR,1-Jan-03,1-Jan-03,500,111.6,6.238,28-Aug-02,HALF-YEARLY,28-Aug-17
231,12:37:20,GS,CG2017,8.07%,NR,1-Jan-03,1-Jan-03,500,117.1,6.225,15-Jan-02,HALF-YEARLY,15-Jan-17
232,12:37:22,GS,CG2011A,11.50%,NR,1-Jan-03,1-Jan-03,500,137.15,6.044,24-Nov-00,HALF-YEARLY,24-Nov-11
233,12:37:24,GS,CG2019,10.03%,NR,1-Jan-03,1-Jan-03,500,137.45,6.346,9-Aug-01,HALF-YEARLY,9-Aug-19
234,12:37:26,GS,CG2022,8.35%,NR,1-Jan-03,1-Jan-03,500,121.5,6.399,14-May-02,HALF-YEARLY,14-May-22
235,12:37:28,GS,CG2017,8.07%,NR,1-Jan-03,1-Jan-03,500,117.35,6.201,15-Jan-02,HALF-YEARLY,15-Jan-17
236,12:37:30,GS,CG2011A,11.50%,NR,1-Jan-03,1-Jan-03,500,137.1,6.05,24-Nov-00,HALF-YEARLY,24-Nov-11
237,12:37:32,GS,CG2015,9.85%,NR,1-Jan-03,1-Jan-03,500,132.55,6.14,16-Oct-01,HALF-YEARLY,16-Oct-15
238,12:37:34,GS,CG2017,8.07%,NR,1-Jan-03,1-Jan-03,500,117.33,6.203,15-Jan-02,HALF-YEARLY,15-Jan-17
239,12:37:36,GS,CG2017,8.07%,NR,1-Jan-03,1-Jan-03,500,117.35,6.201,15-Jan-02,HALF-YEARLY,15-Jan-17
240,12:37:38,GS,CG2012,11.03%,NR,1-Jan-03,1-Jan-03,500,135.7,6.051,18-Jul-00,HALF-YEARLY,18-Jul-12
241,12:37:40,GS,CG2017,8.07%,NR,1-Jan-03,1-Jan-03,500,117.3,6.206,15-Jan-02,HALF-YEARLY,15-Jan-17
242,12:37:42,GS,CG2017,8.07%,NR,1-Jan-03,1-Jan-03,500,117.35,6.201,15-Jan-02,HALF-YEARLY,15-Jan-17
243,12:37:44,GS,CG2016,10.71%,NR,1-Jan-03,1-Jan-03,500,140.45,6.2,19-Apr-01,HALF-YEARLY,19-Apr-16
244,12:37:46,GS,CG2008,11.40%,NR,1-Jan-03,1-Jan-03,500,126.98,5.752,31-Aug-00,HALF-YEARLY,31-Aug-08
245,12:37:48,GS,CG2013,9.81%,NR,1-Jan-03,1-Jan-03,500,128.6,6.068,30-May-01,HALF-YEARLY,30-May-13
246,12:37:51,GS,CG2015,9.85%,NR,1-Jan-03,1-Jan-03,500,132.75,6.121,16-Oct-01,HALF-YEARLY,16-Oct-15
247,12:37:52,GS,CG2008,11.40%,NR,1-Jan-03,1-Jan-03,500,126.98,5.752,31-Aug-00,HALF-YEARLY,31-Aug-08
248,12:37:55,GS,CG2012,11.03%,NR,1-Jan-03,1-Jan-03,500,135.6,6.063,18-Jul-00,HALF-YEARLY,18-Jul-12
249,12:37:57,GS,CG2013,9.81%,NR,1-Jan-03,1-Jan-03,500,128.65,6.063,30-May-01,HALF-YEARLY,30-May-13
250,12:38:00,GS,CG2017,7.49%,NR,1-Jan-03,1-Jan-03,500,111.8,6.231,16-Apr-02,HALF-YEARLY,16-Apr-17
251,12:38:02,GS,CG2017,7.46%,NR,1-Jan-03,1-Jan-03,2500,111.9,6.209,28-Aug-02,HALF-YEARLY,28-Aug-17
252,12:38:05,GS,CG2011A,11.50%,NR,1-Jan-03,1-Jan-03,500,137,6.062,24-Nov-00,HALF-YEARLY,24-Nov-11
253,12:38:06,GS,CG2011,10.95%,NR,1-Jan-03,1-Jan-03,500,131.7,6.084,30-May-00,HALF-YEARLY,30-May-11
254,12:38:10,GS,CG2017,7.49%,NR,1-Jan-03,1-Jan-03,500,111.95,6.216,16-Apr-02,HALF-YEARLY,16-Apr-17
255,12:38:12,GS,CG2015,9.85%,NR,1-Jan-03,1-Jan-03,500,132.72,6.124,16-Oct-01,HALF-YEARLY,16-Oct-15
256,12:38:14,GS,CG2017,7.46%,NR,1-Jan-03,1-Jan-03,500,111.85,6.214,28-Aug-02,HALF-YEARLY,28-Aug-17
257,12:38:16,GS,CG2015,9.85%,NR,1-Jan-03,1-Jan-03,500,132.83,6.113,16-Oct-01,HALF-YEARLY,16-Oct-15
258,12:38:18,GS,CG2017,8.07%,NR,1-Jan-03,1-Jan-03,500,117.34,6.202,15-Jan-02,HALF-YEARLY,15-Jan-17
259,12:38:27,GS,CG2008,11.40%,NR,1-Jan-03,1-Jan-03,500,126.9,5.767,31-Aug-00,HALF-YEARLY,31-Aug-08
260,12:38:29,GS,CG2011A,11.50%,NR,1-Jan-03,1-Jan-03,500,137.18,6.04,24-Nov-00,HALF-YEARLY,24-Nov-11
261,12:45:34,GS,CG2017,8.07%,NR,1-Jan-03,1-Jan-03,500,117.35,6.201,15-Jan-02,HALF-YEARLY,15-Jan-17
262,12:45:49,GS,CG2017,7.46%,NR,1-Jan-03,1-Jan-03,500,111.91,6.208,28-Aug-02,HALF-YEARLY,28-Aug-17
263,12:45:53,GS,CG2012,7.40%,NR,1-Jan-03,1-Jan-03,500,109.65,6.034,3-May-02,HALF-YEARLY,3-May-12
264,12:46:59,GS,CG2022,8.35%,NR,1-Jan-03,1-Jan-03,500,121.5,6.399,14-May-02,HALF-YEARLY,14-May-22
265,12:47:57,GS,CG2017,7.49%,NR,1-Jan-03,1-Jan-03,1000,111.85,6.226,16-Apr-02,HALF-YEARLY,16-Apr-17
266,12:48:33,GS,CG2015,9.85%,NR,1-Jan-03,1-Jan-03,500,132.7,6.126,16-Oct-01,HALF-YEARLY,16-Oct-15
267,12:48:45,GS,CG2017,8.07%,NR,1-Jan-03,1-Jan-03,500,117.37,6.199,15-Jan-02,HALF-YEARLY,15-Jan-17
268,12:49:01,GS,CG2017,8.07%,NR,1-Jan-03,1-Jan-03,500,117.35,6.201,15-Jan-02,HALF-YEARLY,15-Jan-17
269,12:49:05,TB,364D,261203,NR,1-Jan-03,1-Jan-03,1975,94.93,5.43,27-Dec-02,,26-Dec-03
270,12:49:08,GS,CG2026,10.18%,NR,1-Jan-03,1-Jan-03,1000,143.91,6.518,11-Sep-01,HALF-YEARLY,11-Sep-26
271,12:49:39,GS,CG2017,8.07%,NR,1-Jan-03,1-Jan-03,500,117.05,6.23,15-Jan-02,HALF-YEARLY,15-Jan-17
272,12:49:42,GS,CG2015,9.85%,NR,1-Jan-03,1-Jan-03,500,132.7,6.126,16-Oct-01,HALF-YEARLY,16-Oct-15
273,12:49:45,GS,CG2011,9.39%,NR,1-Jan-03,2-Jan-03,500,122.1,6.033,2-Jul-01,HALF-YEARLY,2-Jul-11
274,12:49:49,GS,CG2017,7.46%,NR,1-Jan-03,1-Jan-03,1000,111.82,6.217,28-Aug-02,HALF-YEARLY,28-Aug-17
275,12:49:51,GS,CG2017,8.07%,NR,1-Jan-03,1-Jan-03,500,117,6.235,15-Jan-02,HALF-YEARLY,15-Jan-17
276,12:49:53,GS,CG2021,10.25%,NR,1-Jan-03,1-Jan-03,500,141.3,6.402,30-May-01,HALF-YEARLY,30-May-21
277,12:49:56,GS,CG2016,10.71%,NR,1-Jan-03,1-Jan-03,500,140.38,6.206,19-Apr-01,HALF-YEARLY,19-Apr-16
278,12:49:58,GS,CG2015,9.85%,NR,1-Jan-03,1-Jan-03,500,132.68,6.127,16-Oct-01,HALF-YEARLY,16-Oct-15
279,12:50:01,GS,CG2022,8.35%,NR,1-Jan-03,1-Jan-03,500,121.52,6.398,14-May-02,HALF-YEARLY,14-May-22
280,12:50:04,GS,CG2016,10.71%,NR,1-Jan-03,1-Jan-03,500,140.42,6.203,19-Apr-01,HALF-YEARLY,19-Apr-16
281,12:50:07,GS,CG2015,9.85%,NR,1-Jan-03,1-Jan-03,500,132.75,6.121,16-Oct-01,HALF-YEARLY,16-Oct-15
282,12:50:10,GS,CG2015,9.85%,NR,1-Jan-03,1-Jan-03,500,132.6,6.135,16-Oct-01,HALF-YEARLY,16-Oct-15
283,12:50:13,GS,CG2015,9.85%,NR,1-Jan-03,1-Jan-03,500,132.75,6.121,16-Oct-01,HALF-YEARLY,16-Oct-15
284,12:50:15,GS,CG2012,7.40%,NR,1-Jan-03,1-Jan-03,500,109.7,6.028,3-May-02,HALF-YEARLY,3-May-12
285,12:50:18,GS,CG2026,10.18%,NR,1-Jan-03,1-Jan-03,2500,143.8,6.525,11-Sep-01,HALF-YEARLY,11-Sep-26
286,12:50:21,GS,CG2013,9.81%,NR,1-Jan-03,1-Jan-03,500,128.6,6.068,30-May-01,HALF-YEARLY,30-May-13
287,12:50:24,GS,CG2017,8.07%,NR,1-Jan-03,1-Jan-03,500,117.35,6.201,15-Jan-02,HALF-YEARLY,15-Jan-17
288,12:50:58,GS,CG2008,11.40%,NR,1-Jan-03,1-Jan-03,500,126.91,5.765,31-Aug-00,HALF-YEARLY,31-Aug-08
289,12:51:01,GS,CG2015,9.85%,NR,1-Jan-03,1-Jan-03,500,132.68,6.127,16-Oct-01,HALF-YEARLY,16-Oct-15
290,12:51:04,GS,CG2019,10.03%,NR,1-Jan-03,1-Jan-03,1500,137.55,6.338,9-Aug-01,HALF-YEARLY,9-Aug-19
291,12:51:23,GS,CG2012,9.40%,NR,1-Jan-03,1-Jan-03,500,124.12,6.073,11-Sep-01,HALF-YEARLY,11-Sep-12
292,12:51:26,GS,CG2012,7.40%,NR,1-Jan-03,1-Jan-03,500,109.7,6.028,3-May-02,HALF-YEARLY,3-May-12
293,12:51:29,GS,CG2015,9.85%,NR,1-Jan-03,1-Jan-03,500,132.74,6.122,16-Oct-01,HALF-YEARLY,16-Oct-15
294,12:51:33,GS,CG2017,8.07%,NR,1-Jan-03,1-Jan-03,500,117.38,6.198,15-Jan-02,HALF-YEARLY,15-Jan-17
295,12:51:37,GS,CG2022,8.35%,NR,1-Jan-03,1-Jan-03,500,121.5,6.399,14-May-02,HALF-YEARLY,14-May-22
296,12:51:41,GS,CG2026,10.18%,NR,1-Jan-03,1-Jan-03,500,143.75,6.528,11-Sep-01,HALF-YEARLY,11-Sep-26
297,12:51:44,GS,CG2017,7.46%,NR,1-Jan-03,1-Jan-03,500,111.85,6.214,28-Aug-02,HALF-YEARLY,28-Aug-17
298,12:51:47,GS,CG2008,11.40%,NR,1-Jan-03,1-Jan-03,500,126.93,5.761,31-Aug-00,HALF-YEARLY,31-Aug-08
299,12:51:52,GS,CG2015,9.85%,NR,1-Jan-03,1-Jan-03,500,132.55,6.14,16-Oct-01,HALF-YEARLY,16-Oct-15
300,12:51:56,GS,CG2013,9.81%,NR,1-Jan-03,1-Jan-03,500,128.85,6.041,30-May-01,HALF-YEARLY,30-May-13
301,12:51:58,GS,CG2015,9.85%,NR,1-Jan-03,1-Jan-03,1000,132.7,6.126,16-Oct-01,HALF-YEARLY,16-Oct-15
302,12:58:27,GS,CG2013,9.81%,NR,1-Jan-03,1-Jan-03,500,128.65,6.063,30-May-01,HALF-YEARLY,30-May-13
303,12:58:29,GS,CG2012,7.40%,NR,1-Jan-03,1-Jan-03,500,109.67,6.032,3-May-02,HALF-YEARLY,3-May-12
304,12:58:31,GS,CG2021,10.25%,NR,1-Jan-03,1-Jan-03,500,141.55,6.384,30-May-01,HALF-YEARLY,30-May-21
305,12:58:34,GS,CG2017,7.46%,NR,1-Jan-03,1-Jan-03,500,111.55,6.243,28-Aug-02,HALF-YEARLY,28-Aug-17
306,12:58:44,GS,CG2012,7.40%,NR,1-Jan-03,1-Jan-03,500,109.65,6.034,3-May-02,HALF-YEARLY,3-May-12
307,12:58:47,GS,CG2017,7.46%,NR,1-Jan-03,1-Jan-03,500,111.6,6.238,28-Aug-02,HALF-YEARLY,28-Aug-17
308,12:58:53,GS,CG2011A,11.50%,NR,1-Jan-03,1-Jan-03,500,137.1,6.05,24-Nov-00,HALF-YEARLY,24-Nov-11
309,12:58:55,GS,CG2011A,11.50%,NR,1-Jan-03,1-Jan-03,500,137.1,6.05,24-Nov-00,HALF-YEARLY,24-Nov-11
310,12:58:57,GS,CG2022,8.35%,NR,1-Jan-03,1-Jan-03,500,121.45,6.403,14-May-02,HALF-YEARLY,14-May-22
311,12:59:03,GS,CG2017,7.46%,NR,1-Jan-03,1-Jan-03,500,111.88,6.211,28-Aug-02,HALF-YEARLY,28-Aug-17
312,12:59:05,GS,CG2016,10.71%,NR,1-Jan-03,1-Jan-03,500,140.45,6.2,19-Apr-01,HALF-YEARLY,19-Apr-16
313,12:59:07,GS,CG2017,7.46%,NR,1-Jan-03,1-Jan-03,500,111.85,6.214,28-Aug-02,HALF-YEARLY,28-Aug-17
314,12:59:09,GS,CG2022,8.35%,NR,1-Jan-03,1-Jan-03,500,121.45,6.403,14-May-02,HALF-YEARLY,14-May-22
315,12:59:13,GS,CG2017,7.49%,NR,1-Jan-03,2-Jan-03,500,112,6.211,16-Apr-02,HALF-YEARLY,16-Apr-17
316,12:59:17,GS,CG2022,8.35%,NR,1-Jan-03,1-Jan-03,1000,121.5,6.399,14-May-02,HALF-YEARLY,14-May-22
317,12:59:19,GS,CG2017,8.07%,NR,1-Jan-03,1-Jan-03,500,117.37,6.199,15-Jan-02,HALF-YEARLY,15-Jan-17
318,12:59:22,GS,CG2012,7.40%,NR,1-Jan-03,1-Jan-03,500,109.65,6.034,3-May-02,HALF-YEARLY,3-May-12
319,12:59:24,GS,CG2017,7.46%,NR,1-Jan-03,1-Jan-03,500,111.95,6.204,28-Aug-02,HALF-YEARLY,28-Aug-17
320,12:59:26,GS,CG2017,8.07%,NR,1-Jan-03,1-Jan-03,500,117.05,6.23,15-Jan-02,HALF-YEARLY,15-Jan-17
321,12:59:28,GS,CG2016,10.71%,NR,1-Jan-03,1-Jan-03,500,140.4,6.204,19-Apr-01,HALF-YEARLY,19-Apr-16
322,12:59:31,GS,CG2015,9.85%,NR,1-Jan-03,1-Jan-03,500,132.85,6.111,16-Oct-01,HALF-YEARLY,16-Oct-15
323,12:59:36,GS,CG2017,7.49%,NR,1-Jan-03,1-Jan-03,500,111.65,6.246,16-Apr-02,HALF-YEARLY,16-Apr-17
324,12:59:40,GS,CG2013,9.81%,NR,1-Jan-03,1-Jan-03,500,128.75,6.052,30-May-01,HALF-YEARLY,30-May-13
325,12:59:47,GS,CG2010,11.30%,NR,1-Jan-03,1-Jan-03,2500,131.95,5.99,28-Jul-00,HALF-YEARLY,28-Jul-10
326,12:59:50,GS,CG2017,7.46%,NR,1-Jan-03,1-Jan-03,1000,111.87,6.212,28-Aug-02,HALF-YEARLY,28-Aug-17
327,12:59:55,GS,CG2016,10.71%,NR,1-Jan-03,1-Jan-03,500,140.45,6.2,19-Apr-01,HALF-YEARLY,19-Apr-16
328,12:59:58,GS,CG2017,7.46%,NR,1-Jan-03,1-Jan-03,500,111.85,6.214,28-Aug-02,HALF-YEARLY,28-Aug-17
329,13:00:00,GS,CG2011A,11.50%,NR,1-Jan-03,1-Jan-03,500,137.15,6.044,24-Nov-00,HALF-YEARLY,24-Nov-11
330,13:00:02,GS,CG2017,7.46%,NR,1-Jan-03,1-Jan-03,500,111.85,6.214,28-Aug-02,HALF-YEARLY,28-Aug-17
331,13:00:04,GS,CG2011,9.39%,NR,1-Jan-03,2-Jan-03,500,122.09,6.034,2-Jul-01,HALF-YEARLY,2-Jul-11
332,13:00:07,GS,CG2015,9.85%,NR,1-Jan-03,1-Jan-03,500,132.58,6.137,16-Oct-01,HALF-YEARLY,16-Oct-15
333,13:00:10,GS,CG2011A,11.50%,NR,1-Jan-03,1-Jan-03,500,137.15,6.044,24-Nov-00,HALF-YEARLY,24-Nov-11
334,13:00:12,GS,CG2017,7.49%,NR,1-Jan-03,1-Jan-03,500,112,6.211,16-Apr-02,HALF-YEARLY,16-Apr-17
335,13:00:15,GS,CG2011A,11.50%,NR,1-Jan-03,1-Jan-03,500,137.1,6.05,24-Nov-00,HALF-YEARLY,24-Nov-11
336,13:00:17,GS,CG2017,8.07%,NR,1-Jan-03,1-Jan-03,500,117.4,6.196,15-Jan-02,HALF-YEARLY,15-Jan-17
337,13:00:21,GS,CG2022,8.35%,NR,1-Jan-03,2-Jan-03,500,121.35,6.411,14-May-02,HALF-YEARLY,14-May-22
338,13:00:23,GS,CG2012,11.03%,NR,1-Jan-03,1-Jan-03,500,135.6,6.063,18-Jul-00,HALF-YEARLY,18-Jul-12
339,13:00:26,GS,CG2011A,11.50%,NR,1-Jan-03,1-Jan-03,500,137.08,6.052,24-Nov-00,HALF-YEARLY,24-Nov-11
340,13:00:28,GS,CG2017,7.46%,NR,1-Jan-03,1-Jan-03,500,111.92,6.207,28-Aug-02,HALF-YEARLY,28-Aug-17
341,13:00:34,GS,CG2012,11.03%,NR,1-Jan-03,1-Jan-03,500,135.65,6.057,18-Jul-00,HALF-YEARLY,18-Jul-12
342,13:00:39,GS,CG2017,7.49%,NR,1-Jan-03,1-Jan-03,500,111.95,6.216,16-Apr-02,HALF-YEARLY,16-Apr-17
343,13:00:42,GS,CG2017,7.46%,NR,1-Jan-03,1-Jan-03,500,111.9,6.209,28-Aug-02,HALF-YEARLY,28-Aug-17
344,13:00:44,GS,CG2012,7.40%,NR,1-Jan-03,1-Jan-03,500,109.7,6.028,3-May-02,HALF-YEARLY,3-May-12
345,13:00:46,GS,CG2012,7.40%,NR,1-Jan-03,1-Jan-03,500,109.65,6.034,3-May-02,HALF-YEARLY,3-May-12
346,13:00:49,GS,CG2017,8.07%,NR,1-Jan-03,1-Jan-03,500,117.32,6.204,15-Jan-02,HALF-YEARLY,15-Jan-17
347,13:00:51,GS,CG2017,7.46%,NR,1-Jan-03,1-Jan-03,500,111.89,6.21,28-Aug-02,HALF-YEARLY,28-Aug-17
348,13:00:53,GS,CG2012,7.40%,NR,1-Jan-03,1-Jan-03,1000,109.72,6.025,3-May-02,HALF-YEARLY,3-May-12
349,13:00:56,GS,CG2012,7.40%,NR,1-Jan-03,1-Jan-03,500,109.7,6.028,3-May-02,HALF-YEARLY,3-May-12
350,13:00:59,GS,CG2022,8.35%,NR,1-Jan-03,1-Jan-03,1000,121.35,6.411,14-May-02,HALF-YEARLY,14-May-22
351,13:01:02,GS,CG2012,11.03%,NR,1-Jan-03,1-Jan-03,500,135.65,6.057,18-Jul-00,HALF-YEARLY,18-Jul-12
352,13:01:04,GS,CG2017,8.07%,NR,1-Jan-03,1-Jan-03,500,117.36,6.2,15-Jan-02,HALF-YEARLY,15-Jan-17
353,13:01:07,GS,CG2011A,11.50%,NR,1-Jan-03,1-Jan-03,2500,137.2,6.038,24-Nov-00,HALF-YEARLY,24-Nov-11
354,13:01:14,GS,CG2017,7.49%,NR,1-Jan-03,1-Jan-03,500,111.95,6.216,16-Apr-02,HALF-YEARLY,16-Apr-17
355,13:01:20,GS,CG2011A,11.50%,NR,1-Jan-03,1-Jan-03,500,137.15,6.044,24-Nov-00,HALF-YEARLY,24-Nov-11
356,13:01:25,GS,CG2012,11.03%,NR,1-Jan-03,1-Jan-03,1000,135.67,6.055,18-Jul-00,HALF-YEARLY,18-Jul-12
357,13:01:30,GS,CG2017,8.07%,NR,1-Jan-03,1-Jan-03,500,117.25,6.21,15-Jan-02,HALF-YEARLY,15-Jan-17
358,13:01:36,GS,CG2017,7.46%,NR,1-Jan-03,1-Jan-03,500,111.92,6.207,28-Aug-02,HALF-YEARLY,28-Aug-17
359,13:01:40,GS,CG2015,9.85%,NR,1-Jan-03,1-Jan-03,2500,132.74,6.122,16-Oct-01,HALF-YEARLY,16-Oct-15
360,13:01:44,GS,CG2017,7.49%,NR,1-Jan-03,1-Jan-03,1000,111.9,6.221,16-Apr-02,HALF-YEARLY,16-Apr-17
361,13:01:47,GS,CG2017,7.46%,NR,1-Jan-03,1-Jan-03,500,111.92,6.207,28-Aug-02,HALF-YEARLY,28-Aug-17
362,13:01:50,GS,CG2015,9.85%,NR,1-Jan-03,1-Jan-03,500,132.75,6.121,16-Oct-01,HALF-YEARLY,16-Oct-15
363,13:01:56,GS,CG2017,7.46%,NR,1-Jan-03,1-Jan-03,500,111.83,6.216,28-Aug-02,HALF-YEARLY,28-Aug-17
364,13:02:00,GS,CG2009,6.65%,NR,1-Jan-03,1-Jan-03,500,104.23,5.834,5-Apr-02,HALF-YEARLY,5-Apr-09
365,13:02:02,GS,CG2015,9.85%,NR,1-Jan-03,1-Jan-03,1000,132.75,6.121,16-Oct-01,HALF-YEARLY,16-Oct-15
366,13:02:05,GS,CG2017,7.46%,NR,1-Jan-03,1-Jan-03,500,111.88,6.211,28-Aug-02,HALF-YEARLY,28-Aug-17
368,13:02:27,GS,CG2012,11.03%,NR,1-Jan-03,1-Jan-03,500,135.65,6.057,18-Jul-00,HALF-YEARLY,18-Jul-12
369,13:02:35,GS,CG2017,7.46%,NR,1-Jan-03,1-Jan-03,500,111.85,6.214,28-Aug-02,HALF-YEARLY,28-Aug-17
370,13:02:37,GS,CG2017,7.46%,NR,1-Jan-03,1-Jan-03,500,111.75,6.223,28-Aug-02,HALF-YEARLY,28-Aug-17
371,13:02:42,GS,CG2011A,11.50%,NR,1-Jan-03,1-Jan-03,500,137.13,6.046,24-Nov-00,HALF-YEARLY,24-Nov-11
372,13:02:44,GS,CG2016,10.71%,NR,1-Jan-03,1-Jan-03,500,140.47,6.198,19-Apr-01,HALF-YEARLY,19-Apr-16
373,13:02:47,GS,CG2017,7.46%,NR,1-Jan-03,1-Jan-03,500,111.75,6.223,28-Aug-02,HALF-YEARLY,28-Aug-17
374,13:02:49,GS,CG2015,9.85%,NR,1-Jan-03,1-Jan-03,500,132.83,6.113,16-Oct-01,HALF-YEARLY,16-Oct-15
375,13:02:54,GS,CG2017,7.46%,NR,1-Jan-03,1-Jan-03,1000,111.9,6.209,28-Aug-02,HALF-YEARLY,28-Aug-17
376,13:02:57,GS,CG2011A,11.50%,NR,1-Jan-03,1-Jan-03,500,137.05,6.056,24-Nov-00,HALF-YEARLY,24-Nov-11
377,13:03:00,GS,CG2017,8.07%,NR,1-Jan-03,1-Jan-03,1500,117.35,6.201,15-Jan-02,HALF-YEARLY,15-Jan-17
379,13:03:41,TB,364D,121203,NR,1-Jan-03,1-Jan-03,1000,95.1266,5.42,13-Dec-02,,12-Dec-03
380,13:03:46,GS,CG2010,11.30%,NR,1-Jan-03,1-Jan-03,500,132.02,5.98,28-Jul-00,HALF-YEARLY,28-Jul-10
381,13:03:50,GS,CG2015,9.85%,NR,1-Jan-03,1-Jan-03,500,132.75,6.121,16-Oct-01,HALF-YEARLY,16-Oct-15
382,13:03:53,GS,CG2004,12.50%,NR,1-Jan-03,1-Jan-03,1000,108.09,5.594,23-Mar-94,HALF-YEARLY,23-Mar-04
383,13:03:56,GS,CG2017,8.07%,NR,1-Jan-03,1-Jan-03,1000,117.35,6.201,15-Jan-02,HALF-YEARLY,15-Jan-17
385,13:04:08,GS,CG2017,8.07%,NR,1-Jan-03,1-Jan-03,500,117.33,6.203,15-Jan-02,HALF-YEARLY,15-Jan-17
386,13:04:11,GS,CG2017,8.07%,NR,1-Jan-03,1-Jan-03,500,117.36,6.2,15-Jan-02,HALF-YEARLY,15-Jan-17
387,13:04:14,GS,CG2017,8.07%,NR,1-Jan-03,1-Jan-03,500,117.09,6.226,15-Jan-02,HALF-YEARLY,15-Jan-17
388,13:04:19,GS,CG2004,12.50%,NR,1-Jan-03,1-Jan-03,2500,108.09,5.594,23-Mar-94,HALF-YEARLY,23-Mar-04
389,13:04:27,GS,CG2019,10.03%,NR,1-Jan-03,1-Jan-03,500,137.65,6.33,9-Aug-01,HALF-YEARLY,9-Aug-19
390,13:04:31,GS,CG2013,9.81%,NR,1-Jan-03,1-Jan-03,500,128.75,6.052,30-May-01,HALF-YEARLY,30-May-13
391,13:04:36,GS,CG2017,8.07%,NR,1-Jan-03,1-Jan-03,500,117.4,6.196,15-Jan-02,HALF-YEARLY,15-Jan-17
392,13:04:38,GS,CG2016,10.71%,NR,1-Jan-03,1-Jan-03,500,140.35,6.209,19-Apr-01,HALF-YEARLY,19-Apr-16
393,13:04:41,GS,CG2021,10.25%,NR,1-Jan-03,1-Jan-03,500,141.3,6.402,30-May-01,HALF-YEARLY,30-May-21
394,13:04:45,GS,CG2017,7.49%,NR,1-Jan-03,1-Jan-03,500,111.95,6.216,16-Apr-02,HALF-YEARLY,16-Apr-17
395,13:04:48,GS,CG2016,10.71%,NR,1-Jan-03,1-Jan-03,500,140.3,6.213,19-Apr-01,HALF-YEARLY,19-Apr-16
396,13:07:33,GS,CG2019,10.03%,NR,1-Jan-03,1-Jan-03,1000,137.7,6.326,9-Aug-01,HALF-YEARLY,9-Aug-19
397,13:07:36,GS,CG2012,7.40%,NR,1-Jan-03,1-Jan-03,1000,109.7,6.028,3-May-02,HALF-YEARLY,3-May-12
398,13:07:38,GS,CG2017,7.49%,NR,1-Jan-03,1-Jan-03,500,112,6.211,16-Apr-02,HALF-YEARLY,16-Apr-17
399,13:07:41,GS,CG2016,10.71%,NR,1-Jan-03,1-Jan-03,500,140.25,6.218,19-Apr-01,HALF-YEARLY,19-Apr-16
400,13:07:43,GS,CG2016,10.71%,NR,1-Jan-03,1-Jan-03,500,140.38,6.206,19-Apr-01,HALF-YEARLY,19-Apr-16
401,13:07:45,GS,CG2013,9.81%,NR,1-Jan-03,1-Jan-03,500,128.65,6.063,30-May-01,HALF-YEARLY,30-May-13
402,13:07:46,GS,CG2016,10.71%,NR,1-Jan-03,1-Jan-03,500,140.45,6.2,19-Apr-01,HALF-YEARLY,19-Apr-16
403,13:07:48,GS,CG2017,7.46%,NR,1-Jan-03,1-Jan-03,500,111.9,6.209,28-Aug-02,HALF-YEARLY,28-Aug-17
404,13:07:51,GS,CG2011A,11.50%,NR,1-Jan-03,1-Jan-03,500,137.09,6.051,24-Nov-00,HALF-YEARLY,24-Nov-11
405,13:07:53,GS,CG2016,10.71%,NR,1-Jan-03,1-Jan-03,500,140.5,6.196,19-Apr-01,HALF-YEARLY,19-Apr-16
406,13:07:56,GS,CG2016,10.71%,NR,1-Jan-03,1-Jan-03,500,140.45,6.2,19-Apr-01,HALF-YEARLY,19-Apr-16
407,13:07:59,GS,CG2013,9.81%,NR,1-Jan-03,1-Jan-03,500,128.72,6.055,30-May-01,HALF-YEARLY,30-May-13
408,13:08:02,GS,CG2019,10.03%,NR,1-Jan-03,1-Jan-03,500,137.6,6.334,9-Aug-01,HALF-YEARLY,9-Aug-19
409,13:08:04,GS,CG2011A,11.50%,NR,1-Jan-03,1-Jan-03,500,137.1,6.05,24-Nov-00,HALF-YEARLY,24-Nov-11
410,13:08:06,GS,CG2017,8.07%,NR,1-Jan-03,1-Jan-03,500,117.4,6.196,15-Jan-02,HALF-YEARLY,15-Jan-17
411,13:08:08,GS,CG2012,7.40%,NR,1-Jan-03,1-Jan-03,500,109.68,6.03,3-May-02,HALF-YEARLY,3-May-12
412,13:08:11,GS,CG2022,8.35%,NR,1-Jan-03,1-Jan-03,2500,121.55,6.395,14-May-02,HALF-YEARLY,14-May-22
413,13:08:18,GS,CG2011,9.39%,NR,1-Jan-03,2-Jan-03,500,122.1,6.033,2-Jul-01,HALF-YEARLY,2-Jul-11
414,13:08:21,GS,CG2012,7.40%,NR,1-Jan-03,1-Jan-03,500,109.67,6.032,3-May-02,HALF-YEARLY,3-May-12
415,13:08:23,GS,CG2017,8.07%,NR,1-Jan-03,1-Jan-03,500,117.35,6.201,15-Jan-02,HALF-YEARLY,15-Jan-17
416,13:08:25,GS,CG2011,9.39%,NR,1-Jan-03,2-Jan-03,500,122.1,6.033,2-Jul-01,HALF-YEARLY,2-Jul-11
417,13:08:27,GS,CG2008,11.40%,NR,1-Jan-03,1-Jan-03,500,126.92,5.763,31-Aug-00,HALF-YEARLY,31-Aug-08
418,13:08:29,GS,CG2022,8.35%,NR,1-Jan-03,1-Jan-03,500,121.4,6.407,14-May-02,HALF-YEARLY,14-May-22
419,13:08:31,GS,CG2015,9.85%,NR,1-Jan-03,1-Jan-03,500,132.65,6.13,16-Oct-01,HALF-YEARLY,16-Oct-15
420,13:08:34,GS,CG2012,7.40%,NR,1-Jan-03,1-Jan-03,500,109.58,6.044,3-May-02,HALF-YEARLY,3-May-12
421,13:08:36,GS,CG2017,8.07%,NR,1-Jan-03,1-Jan-03,500,117.42,6.194,15-Jan-02,HALF-YEARLY,15-Jan-17
422,13:08:38,GS,CG2012,11.03%,NR,1-Jan-03,1-Jan-03,500,135.68,6.054,18-Jul-00,HALF-YEARLY,18-Jul-12
424,13:08:43,GS,CG2017,7.46%,NR,1-Jan-03,1-Jan-03,500,111.7,6.228,28-Aug-02,HALF-YEARLY,28-Aug-17
425,13:08:45,GS,CG2016,10.71%,NR,1-Jan-03,1-Jan-03,500,140.5,6.196,19-Apr-01,HALF-YEARLY,19-Apr-16
426,13:08:47,GS,CG2022,8.35%,NR,1-Jan-03,1-Jan-03,500,121.4,6.407,14-May-02,HALF-YEARLY,14-May-22
427,13:08:49,GS,CG2017,8.07%,NR,1-Jan-03,1-Jan-03,500,117.35,6.201,15-Jan-02,HALF-YEARLY,15-Jan-17
428,13:08:52,GS,CG2012,11.03%,NR,1-Jan-03,1-Jan-03,500,135.62,6.06,18-Jul-00,HALF-YEARLY,18-Jul-12
429,13:08:54,GS,CG2022,8.35%,NR,1-Jan-03,1-Jan-03,500,121.4,6.407,14-May-02,HALF-YEARLY,14-May-22
430,13:08:56,GS,CG2017,7.46%,NR,1-Jan-03,1-Jan-03,500,111.9,6.209,28-Aug-02,HALF-YEARLY,28-Aug-17
431,13:08:58,GS,CG2011,9.39%,NR,1-Jan-03,2-Jan-03,500,122.06,6.038,2-Jul-01,HALF-YEARLY,2-Jul-11
432,13:09:01,GS,CG2011A,11.50%,NR,1-Jan-03,1-Jan-03,500,137.2,6.038,24-Nov-00,HALF-YEARLY,24-Nov-11
433,13:09:03,GS,CG2011,9.39%,NR,1-Jan-03,2-Jan-03,500,122.09,6.034,2-Jul-01,HALF-YEARLY,2-Jul-11
434,13:09:05,GS,CG2016,10.71%,NR,1-Jan-03,1-Jan-03,500,140.35,6.209,19-Apr-01,HALF-YEARLY,19-Apr-16
435,13:09:07,GS,CG2017,7.46%,NR,1-Jan-03,1-Jan-03,500,111.77,6.221,28-Aug-02,HALF-YEARLY,28-Aug-17
436,13:10:17,GS,CG2012,7.40%,NR,1-Jan-03,1-Jan-03,500,109.57,6.045,3-May-02,HALF-YEARLY,3-May-12
437,13:10:35,GS,CG2013,9.81%,NR,1-Jan-03,1-Jan-03,500,128.8,6.046,30-May-01,HALF-YEARLY,30-May-13
438,13:10:39,GS,CG2017,8.07%,NR,1-Jan-03,1-Jan-03,500,117.34,6.202,15-Jan-02,HALF-YEARLY,15-Jan-17
439,13:11:00,GS,CG2014,7.37%,NR,1-Jan-03,1-Jan-03,500,110.45,6.078,16-Apr-02,HALF-YEARLY,16-Apr-14
440,13:11:02,GS,CG2014,7.37%,NR,1-Jan-03,2-Jan-03,500,110.4,6.083,16-Apr-02,HALF-YEARLY,16-Apr-14
441,13:11:37,GS,CG2017,8.07%,NR,1-Jan-03,1-Jan-03,1000,117.35,6.201,15-Jan-02,HALF-YEARLY,15-Jan-17
444,13:12:18,GS,CG2012,11.03%,NR,1-Jan-03,1-Jan-03,500,135.68,6.054,18-Jul-00,HALF-YEARLY,18-Jul-12
445,13:18:04,GS,CG2026,10.18%,NR,1-Jan-03,1-Jan-03,1000,143.85,6.522,11-Sep-01,HALF-YEARLY,11-Sep-26
446,13:18:06,GS,CG2011A,11.50%,NR,1-Jan-03,1-Jan-03,500,137.1,6.05,24-Nov-00,HALF-YEARLY,24-Nov-11
447,13:18:08,GS,CG2017,8.07%,NR,1-Jan-03,1-Jan-03,500,117.3,6.206,15-Jan-02,HALF-YEARLY,15-Jan-17
448,13:18:10,GS,CG2012,11.03%,NR,1-Jan-03,1-Jan-03,500,135.68,6.054,18-Jul-00,HALF-YEARLY,18-Jul-12
449,13:18:12,GS,CG2017,8.07%,NR,1-Jan-03,1-Jan-03,500,117.35,6.201,15-Jan-02,HALF-YEARLY,15-Jan-17
450,13:18:13,GS,CG2012,9.40%,NR,1-Jan-03,1-Jan-03,500,124.11,6.074,11-Sep-01,HALF-YEARLY,11-Sep-12
451,13:18:15,GS,CG2012,11.03%,NR,1-Jan-03,1-Jan-03,500,135.65,6.057,18-Jul-00,HALF-YEARLY,18-Jul-12
452,13:18:17,GS,CG2017,8.07%,NR,1-Jan-03,1-Jan-03,500,117.42,6.194,15-Jan-02,HALF-YEARLY,15-Jan-17
453,13:18:20,GS,CG2019,10.03%,NR,1-Jan-03,1-Jan-03,500,137.66,6.329,9-Aug-01,HALF-YEARLY,9-Aug-19
454,13:18:21,GS,CG2022,8.35%,NR,1-Jan-03,1-Jan-03,500,121.5,6.399,14-May-02,HALF-YEARLY,14-May-22
455,13:18:23,GS,CG2017,7.49%,NR,1-Jan-03,1-Jan-03,500,111.98,6.213,16-Apr-02,HALF-YEARLY,16-Apr-17
456,13:18:25,GS,CG2016,10.71%,NR,1-Jan-03,1-Jan-03,500,140.3,6.213,19-Apr-01,HALF-YEARLY,19-Apr-16
457,13:18:27,GS,CG2012,7.40%,NR,1-Jan-03,1-Jan-03,500,109.68,6.03,3-May-02,HALF-YEARLY,3-May-12
458,13:18:29,GS,CG2017,8.07%,NR,1-Jan-03,1-Jan-03,500,117.35,6.201,15-Jan-02,HALF-YEARLY,15-Jan-17
459,13:18:31,GS,CG2015,9.85%,NR,1-Jan-03,1-Jan-03,500,132.6,6.135,16-Oct-01,HALF-YEARLY,16-Oct-15
460,13:18:33,GS,CG2011,10.95%,NR,1-Jan-03,1-Jan-03,500,131.65,6.091,30-May-00,HALF-YEARLY,30-May-11
461,13:18:36,GS,CG2019,10.03%,NR,1-Jan-03,1-Jan-03,500,137.73,6.324,9-Aug-01,HALF-YEARLY,9-Aug-19
462,13:18:37,GS,CG2017,7.49%,NR,1-Jan-03,1-Jan-03,500,111.95,6.216,16-Apr-02,HALF-YEARLY,16-Apr-17
463,13:18:40,GS,CG2016,10.71%,NR,1-Jan-03,1-Jan-03,500,140.45,6.2,19-Apr-01,HALF-YEARLY,19-Apr-16
464,13:18:41,GS,CG2021,10.25%,NR,1-Jan-03,1-Jan-03,500,141.3,6.402,30-May-01,HALF-YEARLY,30-May-21
465,13:33:43,GS,CG2013,9.81%,NR,1-Jan-03,1-Jan-03,500,128.55,6.074,30-May-01,HALF-YEARLY,30-May-13
466,13:33:45,GS,CG2017,8.07%,NR,1-Jan-03,1-Jan-03,500,117.34,6.202,15-Jan-02,HALF-YEARLY,15-Jan-17
467,13:33:48,GS,CG2022,8.35%,NR,1-Jan-03,1-Jan-03,500,121.45,6.403,14-May-02,HALF-YEARLY,14-May-22
468,13:33:50,GS,CG2008,11.40%,NR,1-Jan-03,1-Jan-03,500,126.93,5.761,31-Aug-00,HALF-YEARLY,31-Aug-08
469,13:33:52,GS,CG2019,10.03%,NR,1-Jan-03,1-Jan-03,500,137.65,6.33,9-Aug-01,HALF-YEARLY,9-Aug-19
470,13:33:54,GS,CG2011A,11.50%,NR,1-Jan-03,1-Jan-03,500,137.2,6.038,24-Nov-00,HALF-YEARLY,24-Nov-11
471,13:33:56,GS,CG2022,8.35%,NR,1-Jan-03,1-Jan-03,500,121.4,6.407,14-May-02,HALF-YEARLY,14-May-22
472,13:33:58,GS,CG2015,9.85%,NR,1-Jan-03,1-Jan-03,500,132.55,6.14,16-Oct-01,HALF-YEARLY,16-Oct-15
473,13:34:00,GS,CG2017,7.46%,NR,1-Jan-03,1-Jan-03,500,111.59,6.239,28-Aug-02,HALF-YEARLY,28-Aug-17
474,13:34:02,GS,CG2011A,11.50%,NR,1-Jan-03,1-Jan-03,500,137.14,6.045,24-Nov-00,HALF-YEARLY,24-Nov-11
475,13:34:04,GS,CG2012,7.40%,NR,1-Jan-03,1-Jan-03,500,109.67,6.032,3-May-02,HALF-YEARLY,3-May-12
476,13:34:06,GS,CG2017,8.07%,NR,1-Jan-03,1-Jan-03,500,117.35,6.201,15-Jan-02,HALF-YEARLY,15-Jan-17
477,13:34:08,GS,CG2017,8.07%,NR,1-Jan-03,1-Jan-03,500,117.37,6.199,15-Jan-02,HALF-YEARLY,15-Jan-17
478,13:34:10,GS,CG2017,8.07%,NR,1-Jan-03,1-Jan-03,500,117.36,6.2,15-Jan-02,HALF-YEARLY,15-Jan-17
479,13:34:16,TB,364D,80803,NR,1-Jan-03,1-Jan-03,500,96.8504,5.42,9-Aug-02,,8-Aug-03
480,13:34:18,GS,CG2017,7.46%,NR,1-Jan-03,1-Jan-03,500,111.9,6.209,28-Aug-02,HALF-YEARLY,28-Aug-17
481,13:34:21,GS,CG2016,10.71%,NR,1-Jan-03,1-Jan-03,500,140.3,6.213,19-Apr-01,HALF-YEARLY,19-Apr-16
482,13:34:23,GS,CG2015,9.85%,NR,1-Jan-03,1-Jan-03,500,132.65,6.13,16-Oct-01,HALF-YEARLY,16-Oct-15
483,13:34:28,GS,CG2017,8.07%,NR,1-Jan-03,1-Jan-03,500,117.37,6.199,15-Jan-02,HALF-YEARLY,15-Jan-17
484,13:34:31,GS,CG2009,6.65%,NR,1-Jan-03,1-Jan-03,500,104.2,5.839,5-Apr-02,HALF-YEARLY,5-Apr-09
485,13:34:33,GS,CG2010,11.30%,NR,1-Jan-03,1-Jan-03,500,132,5.983,28-Jul-00,HALF-YEARLY,28-Jul-10
486,13:34:35,GS,CG2017,8.07%,NR,1-Jan-03,1-Jan-03,500,117.36,6.2,15-Jan-02,HALF-YEARLY,15-Jan-17
487,13:34:40,GS,CG2021,10.25%,NR,1-Jan-03,1-Jan-03,500,141.35,6.398,30-May-01,HALF-YEARLY,30-May-21
488,13:34:42,GS,CG2022,8.35%,NR,1-Jan-03,2-Jan-03,500,121.4,6.407,14-May-02,HALF-YEARLY,14-May-22
489,13:34:44,GS,CG2012,7.40%,NR,1-Jan-03,1-Jan-03,500,109.64,6.036,3-May-02,HALF-YEARLY,3-May-12
490,13:34:47,GS,CG2017,7.46%,NR,1-Jan-03,1-Jan-03,500,111.88,6.211,28-Aug-02,HALF-YEARLY,28-Aug-17
491,13:34:50,GS,CG2017,8.07%,NR,1-Jan-03,1-Jan-03,500,117.37,6.199,15-Jan-02,HALF-YEARLY,15-Jan-17
492,13:34:52,GS,CG2011A,11.50%,NR,1-Jan-03,1-Jan-03,500,137.1,6.05,24-Nov-00,HALF-YEARLY,24-Nov-11
493,13:34:55,GS,CG2011A,11.50%,NR,1-Jan-03,1-Jan-03,1000,137.18,6.04,24-Nov-00,HALF-YEARLY,24-Nov-11
494,13:34:58,GS,CG2012,7.40%,NR,1-Jan-03,1-Jan-03,500,109.66,6.033,3-May-02,HALF-YEARLY,3-May-12
495,13:35:02,GS,CG2003,11.83%,NR,1-Jan-03,1-Jan-03,2500,103.23,5.708,17-Jul-97,HALF-YEARLY,17-Jul-03
496,13:35:04,GS,CG2011A,11.50%,NR,1-Jan-03,1-Jan-03,500,137.1,6.05,24-Nov-00,HALF-YEARLY,24-Nov-11
497,13:35:07,GS,CG2017,8.07%,NR,1-Jan-03,1-Jan-03,500,117.15,6.22,15-Jan-02,HALF-YEARLY,15-Jan-17
498,13:35:09,GS,CG2012,11.03%,NR,1-Jan-03,1-Jan-03,500,135.65,6.057,18-Jul-00,HALF-YEARLY,18-Jul-12
499,13:35:12,GS,CG2017,8.07%,NR,1-Jan-03,1-Jan-03,500,117.3,6.206,15-Jan-02,HALF-YEARLY,15-Jan-17
500,13:35:15,GS,CG2026,10.18%,NR,1-Jan-03,1-Jan-03,500,143.75,6.528,11-Sep-01,HALF-YEARLY,11-Sep-26
501,13:35:17,GS,CG2017,7.46%,NR,1-Jan-03,1-Jan-03,500,111.88,6.211,28-Aug-02,HALF-YEARLY,28-Aug-17
502,13:35:20,GS,CG2015,9.85%,NR,1-Jan-03,1-Jan-03,500,132.75,6.121,16-Oct-01,HALF-YEARLY,16-Oct-15
503,13:35:26,GS,CG2017,7.46%,NR,1-Jan-03,1-Jan-03,500,111.9,6.209,28-Aug-02,HALF-YEARLY,28-Aug-17
504,13:35:28,GS,CG2012,11.03%,NR,1-Jan-03,1-Jan-03,500,135.63,6.059,18-Jul-00,HALF-YEARLY,18-Jul-12
505,13:35:31,GS,CG2017,7.46%,NR,1-Jan-03,1-Jan-03,500,111.91,6.208,28-Aug-02,HALF-YEARLY,28-Aug-17
506,13:35:33,GS,CG2011,10.95%,NR,1-Jan-03,1-Jan-03,1000,131.7,6.084,30-May-00,HALF-YEARLY,30-May-11
507,13:35:35,GS,CG2022,8.35%,NR,1-Jan-03,1-Jan-03,500,121.35,6.411,14-May-02,HALF-YEARLY,14-May-22
508,13:35:38,GS,CG2015,9.85%,NR,1-Jan-03,1-Jan-03,500,132.71,6.125,16-Oct-01,HALF-YEARLY,16-Oct-15
509,13:35:41,GS,CG2017,7.46%,NR,1-Jan-03,1-Jan-03,500,111.88,6.211,28-Aug-02,HALF-YEARLY,28-Aug-17
510,13:44:09,GS,CG2017,7.46%,NR,1-Jan-03,1-Jan-03,500,111.75,6.223,28-Aug-02,HALF-YEARLY,28-Aug-17
511,13:44:11,GS,CG2008,11.40%,NR,1-Jan-03,1-Jan-03,500,126.93,5.761,31-Aug-00,HALF-YEARLY,31-Aug-08
512,13:44:14,GS,CG2011,10.95%,NR,1-Jan-03,1-Jan-03,500,131.67,6.088,30-May-00,HALF-YEARLY,30-May-11
513,13:44:25,GS,CG2032,7.95%,NR,1-Jan-03,1-Jan-03,1000,118.7,6.515,28-Aug-02,HALF-YEARLY,28-Aug-32
514,13:44:31,GS,CG2017,8.07%,NR,1-Jan-03,1-Jan-03,1000,117.4,6.196,15-Jan-02,HALF-YEARLY,15-Jan-17
515,13:44:34,GS,CG2019,10.03%,NR,1-Jan-03,1-Jan-03,500,137.5,6.342,9-Aug-01,HALF-YEARLY,9-Aug-19
516,13:44:37,GS,CG2016,10.71%,NR,1-Jan-03,1-Jan-03,500,140.41,6.203,19-Apr-01,HALF-YEARLY,19-Apr-16
517,13:44:41,GS,CG2012,11.03%,NR,1-Jan-03,1-Jan-03,500,135.68,6.054,18-Jul-00,HALF-YEARLY,18-Jul-12
518,13:44:43,GS,CG2011A,11.50%,NR,1-Jan-03,1-Jan-03,500,137.1,6.05,24-Nov-00,HALF-YEARLY,24-Nov-11
519,13:44:48,GS,CG2021,10.25%,NR,1-Jan-03,1-Jan-03,1000,141.25,6.406,30-May-01,HALF-YEARLY,30-May-21
520,13:44:51,GS,CG2012,11.03%,NR,1-Jan-03,1-Jan-03,500,135.65,6.057,18-Jul-00,HALF-YEARLY,18-Jul-12
521,13:44:53,GS,CG2008,11.40%,NR,1-Jan-03,1-Jan-03,500,126.92,5.763,31-Aug-00,HALF-YEARLY,31-Aug-08
522,13:44:57,GS,CG2012,7.40%,NR,1-Jan-03,1-Jan-03,500,109.64,6.036,3-May-02,HALF-YEARLY,3-May-12
523,13:45:00,GS,CG2004,12.50%,NR,1-Jan-03,1-Jan-03,1000,108.07,5.61,23-Mar-94,HALF-YEARLY,23-Mar-04
524,13:45:03,GS,CG2017,8.07%,NR,1-Jan-03,1-Jan-03,500,117.38,6.198,15-Jan-02,HALF-YEARLY,15-Jan-17
525,13:45:05,GS,CG2017,7.46%,NR,1-Jan-03,1-Jan-03,1000,111.9,6.209,28-Aug-02,HALF-YEARLY,28-Aug-17
526,13:45:08,GS,CG2016,10.71%,NR,1-Jan-03,1-Jan-03,500,140.42,6.203,19-Apr-01,HALF-YEARLY,19-Apr-16
527,13:45:10,GS,CG2019,10.03%,NR,1-Jan-03,1-Jan-03,500,137.6,6.334,9-Aug-01,HALF-YEARLY,9-Aug-19
528,13:45:13,GS,CG2016,10.71%,NR,1-Jan-03,1-Jan-03,500,140.3,6.213,19-Apr-01,HALF-YEARLY,19-Apr-16
529,13:45:16,GS,CG2016,10.71%,NR,1-Jan-03,1-Jan-03,500,140.4,6.204,19-Apr-01,HALF-YEARLY,19-Apr-16
530,13:45:19,GS,CG2010,12.29%,NR,1-Jan-03,1-Jan-03,500,135.35,6.07,29-Jan-99,HALF-YEARLY,29-Jan-10
531,13:45:27,GS,CG2015,9.85%,NR,1-Jan-03,1-Jan-03,500,132.55,6.14,16-Oct-01,HALF-YEARLY,16-Oct-15
532,13:45:30,GS,CG2004,12.50%,NR,1-Jan-03,1-Jan-03,1000,108.09,5.594,23-Mar-94,HALF-YEARLY,23-Mar-04
533,13:45:33,GS,CG2022,8.35%,NR,1-Jan-03,2-Jan-03,500,121.5,6.399,14-May-02,HALF-YEARLY,14-May-22
534,13:45:46,GS,CG2021,10.25%,NR,1-Jan-03,1-Jan-03,500,141.55,6.384,30-May-01,HALF-YEARLY,30-May-21
535,13:45:49,GS,CG2017,7.46%,NR,1-Jan-03,1-Jan-03,500,111.6,6.238,28-Aug-02,HALF-YEARLY,28-Aug-17
536,13:45:52,GS,CG2017,8.07%,NR,1-Jan-03,1-Jan-03,500,117.35,6.201,15-Jan-02,HALF-YEARLY,15-Jan-17
537,13:45:54,GS,CG2013,9.81%,NR,1-Jan-03,1-Jan-03,500,128.75,6.052,30-May-01,HALF-YEARLY,30-May-13
538,13:45:58,GS,CG2022,8.35%,NR,1-Jan-03,1-Jan-03,1000,121.3,6.415,14-May-02,HALF-YEARLY,14-May-22
539,13:46:01,GS,CG2017,8.07%,NR,1-Jan-03,1-Jan-03,500,117.3,6.206,15-Jan-02,HALF-YEARLY,15-Jan-17
540,13:46:05,GS,CG2017,8.07%,NR,1-Jan-03,1-Jan-03,500,117.12,6.223,15-Jan-02,HALF-YEARLY,15-Jan-17
541,13:46:09,GS,CG2022,8.35%,NR,1-Jan-03,1-Jan-03,500,121.45,6.403,14-May-02,HALF-YEARLY,14-May-22
542,13:46:12,GS,CG2017,8.07%,NR,1-Jan-03,1-Jan-03,500,117.05,6.23,15-Jan-02,HALF-YEARLY,15-Jan-17
543,13:46:15,GS,CG2012,9.40%,NR,1-Jan-03,1-Jan-03,1000,124.12,6.073,11-Sep-01,HALF-YEARLY,11-Sep-12
544,13:46:17,GS,CG2016,10.71%,NR,1-Jan-03,1-Jan-03,500,140.38,6.206,19-Apr-01,HALF-YEARLY,19-Apr-16
545,13:46:20,GS,CG2012,11.03%,NR,1-Jan-03,1-Jan-03,500,135.6,6.063,18-Jul-00,HALF-YEARLY,18-Jul-12
546,13:46:24,GS,CG2008,11.40%,NR,1-Jan-03,1-Jan-03,1000,126.9,5.767,31-Aug-00,HALF-YEARLY,31-Aug-08
547,13:46:27,GS,CG2017,7.46%,NR,1-Jan-03,1-Jan-03,500,111.9,6.209,28-Aug-02,HALF-YEARLY,28-Aug-17
548,13:46:30,GS,CG2012,9.40%,NR,1-Jan-03,1-Jan-03,500,124.1,6.075,11-Sep-01,HALF-YEARLY,11-Sep-12
549,13:46:33,GS,CG2015,9.85%,NR,1-Jan-03,1-Jan-03,500,132.7,6.126,16-Oct-01,HALF-YEARLY,16-Oct-15
550,13:46:36,GS,CG2017,7.46%,NR,1-Jan-03,1-Jan-03,500,111.91,6.208,28-Aug-02,HALF-YEARLY,28-Aug-17
551,13:46:40,GS,CG2015,9.85%,NR,1-Jan-03,1-Jan-03,500,132.68,6.127,16-Oct-01,HALF-YEARLY,16-Oct-15
552,13:46:43,GS,CG2016,10.71%,NR,1-Jan-03,1-Jan-03,500,140.45,6.2,19-Apr-01,HALF-YEARLY,19-Apr-16
553,13:46:45,GS,CG2016,10.71%,NR,1-Jan-03,1-Jan-03,500,140.45,6.2,19-Apr-01,HALF-YEARLY,19-Apr-16
554,13:46:52,GS,CG2016,10.71%,NR,1-Jan-03,1-Jan-03,500,140.38,6.206,19-Apr-01,HALF-YEARLY,19-Apr-16
555,13:46:56,GS,CG2017,7.46%,NR,1-Jan-03,1-Jan-03,500,111.8,6.219,28-Aug-02,HALF-YEARLY,28-Aug-17
556,13:46:59,GS,CG2012,7.40%,NR,1-Jan-03,1-Jan-03,500,109.65,6.034,3-May-02,HALF-YEARLY,3-May-12
557,13:47:03,GS,CG2015,9.85%,NR,1-Jan-03,1-Jan-03,500,132.67,6.128,16-Oct-01,HALF-YEARLY,16-Oct-15
558,13:47:06,GS,CG2026,10.18%,NR,1-Jan-03,1-Jan-03,500,143.85,6.522,11-Sep-01,HALF-YEARLY,11-Sep-26
559,13:47:15,GS,CG2032,7.95%,NR,1-Jan-03,1-Jan-03,1000,118.38,6.537,28-Aug-02,HALF-YEARLY,28-Aug-32
560,13:47:18,GS,CG2022,8.35%,NR,1-Jan-03,1-Jan-03,500,121.35,6.411,14-May-02,HALF-YEARLY,14-May-22
561,13:47:21,GS,CG2019,10.03%,NR,1-Jan-03,1-Jan-03,500,137.68,6.328,9-Aug-01,HALF-YEARLY,9-Aug-19
562,13:47:24,GS,CG2012,7.40%,NR,1-Jan-03,1-Jan-03,500,109.7,6.028,3-May-02,HALF-YEARLY,3-May-12
563,13:47:27,GS,CG2011,10.95%,NR,1-Jan-03,1-Jan-03,500,131.71,6.083,30-May-00,HALF-YEARLY,30-May-11
564,13:48:27,GS,CG2009,6.96%,NR,1-Jan-03,1-Jan-03,40,104.5,6.086,30-Mar-02,HALF-YEARLY,30-Mar-09
565,13:48:47,GS,CG2026,10.18%,NR,1-Jan-03,1-Jan-03,500,143.9,6.518,11-Sep-01,HALF-YEARLY,11-Sep-26
566,13:58:22,GS,CG2021,10.25%,NR,1-Jan-03,1-Jan-03,500,141.45,6.391,30-May-01,HALF-YEARLY,30-May-21
567,13:58:25,GS,CG2015,9.85%,NR,1-Jan-03,1-Jan-03,500,132.68,6.127,16-Oct-01,HALF-YEARLY,16-Oct-15
568,13:58:28,GS,CG2019,10.03%,NR,1-Jan-03,1-Jan-03,500,137.7,6.326,9-Aug-01,HALF-YEARLY,9-Aug-19
569,13:58:30,GS,CG2026,10.18%,NR,1-Jan-03,1-Jan-03,500,143.9,6.518,11-Sep-01,HALF-YEARLY,11-Sep-26
570,13:58:32,GS,CG2019,10.03%,NR,1-Jan-03,1-Jan-03,500,137.6,6.334,9-Aug-01,HALF-YEARLY,9-Aug-19
571,13:58:34,GS,CG2017,8.07%,NR,1-Jan-03,1-Jan-03,500,117.38,6.198,15-Jan-02,HALF-YEARLY,15-Jan-17
572,13:58:36,GS,CG2015,9.85%,NR,1-Jan-03,1-Jan-03,500,132.8,6.116,16-Oct-01,HALF-YEARLY,16-Oct-15
573,13:58:38,GS,CG2017,7.46%,NR,1-Jan-03,1-Jan-03,2500,111.85,6.214,28-Aug-02,HALF-YEARLY,28-Aug-17
574,13:58:42,GS,CG2016,10.71%,NR,1-Jan-03,1-Jan-03,500,140.35,6.209,19-Apr-01,HALF-YEARLY,19-Apr-16
575,13:58:48,GS,CG2017,7.49%,NR,1-Jan-03,1-Jan-03,500,111.95,6.216,16-Apr-02,HALF-YEARLY,16-Apr-17
576,13:58:51,GS,CG2005,11.19%,NR,1-Jan-03,1-Jan-03,500,113.4,5.596,12-Aug-97,HALF-YEARLY,12-Aug-05
577,13:58:53,GS,CG2017,8.07%,NR,1-Jan-03,1-Jan-03,500,117.4,6.196,15-Jan-02,HALF-YEARLY,15-Jan-17
578,13:58:56,GS,CG2017,7.46%,NR,1-Jan-03,1-Jan-03,500,111.9,6.209,28-Aug-02,HALF-YEARLY,28-Aug-17
579,13:59:07,GS,CG2017,8.07%,NR,1-Jan-03,1-Jan-03,500,117.37,6.199,15-Jan-02,HALF-YEARLY,15-Jan-17
580,13:59:09,GS,CG2017,8.07%,NR,1-Jan-03,1-Jan-03,500,117,6.235,15-Jan-02,HALF-YEARLY,15-Jan-17
581,13:59:13,GS,CG2019,10.03%,NR,1-Jan-03,1-Jan-03,500,137.58,6.335,9-Aug-01,HALF-YEARLY,9-Aug-19
582,13:59:15,GS,CG2017,8.07%,NR,1-Jan-03,1-Jan-03,500,117.4,6.196,15-Jan-02,HALF-YEARLY,15-Jan-17
583,13:59:20,GS,CG2018,10.45%,NR,1-Jan-03,1-Jan-03,500,140.2,6.318,30-Apr-01,HALF-YEARLY,30-Apr-18
584,13:59:22,GS,CG2012,7.40%,NR,1-Jan-03,1-Jan-03,1000,109.7,6.028,3-May-02,HALF-YEARLY,3-May-12
585,13:59:26,GS,CG2004,12.50%,NR,1-Jan-03,1-Jan-03,1500,108.07,5.61,23-Mar-94,HALF-YEARLY,23-Mar-04
586,13:59:31,GS,CG2015,9.85%,NR,1-Jan-03,1-Jan-03,500,132.67,6.128,16-Oct-01,HALF-YEARLY,16-Oct-15
587,13:59:34,GS,CG2004,12.50%,NR,1-Jan-03,1-Jan-03,2000,108.08,5.602,23-Mar-94,HALF-YEARLY,23-Mar-04
588,13:59:35,GS,CG2017,7.46%,NR,1-Jan-03,1-Jan-03,500,111.75,6.223,28-Aug-02,HALF-YEARLY,28-Aug-17
589,13:59:37,GS,CG2017,8.07%,NR,1-Jan-03,1-Jan-03,500,117.35,6.201,15-Jan-02,HALF-YEARLY,15-Jan-17
590,13:59:40,GS,CG2012,7.40%,NR,1-Jan-03,1-Jan-03,500,109.7,6.028,3-May-02,HALF-YEARLY,3-May-12
591,13:59:42,GS,CG2016,10.71%,NR,1-Jan-03,1-Jan-03,500,140.4,6.204,19-Apr-01,HALF-YEARLY,19-Apr-16
592,13:59:44,GS,CG2019,10.03%,NR,1-Jan-03,1-Jan-03,500,137.58,6.335,9-Aug-01,HALF-YEARLY,9-Aug-19
593,13:59:46,GS,CG2017,8.07%,NR,1-Jan-03,1-Jan-03,500,117.07,6.228,15-Jan-02,HALF-YEARLY,15-Jan-17
594,13:59:49,GS,CG2017,8.07%,NR,1-Jan-03,1-Jan-03,500,117.36,6.2,15-Jan-02,HALF-YEARLY,15-Jan-17
595,13:59:51,GS,CG2017,7.49%,NR,1-Jan-03,1-Jan-03,500,111.95,6.216,16-Apr-02,HALF-YEARLY,16-Apr-17
596,13:59:53,GS,CG2017,8.07%,NR,1-Jan-03,1-Jan-03,500,117.35,6.201,15-Jan-02,HALF-YEARLY,15-Jan-17
597,13:59:55,GS,CG2022,8.35%,NR,1-Jan-03,1-Jan-03,500,121.55,6.395,14-May-02,HALF-YEARLY,14-May-22
598,13:59:57,GS,CG2017,8.07%,NR,1-Jan-03,1-Jan-03,500,117.35,6.201,15-Jan-02,HALF-YEARLY,15-Jan-17
599,13:59:59,GS,CG2026,10.18%,NR,1-Jan-03,1-Jan-03,500,143.75,6.528,11-Sep-01,HALF-YEARLY,11-Sep-26
600,14:00:00,GS,CG2021,10.25%,NR,1-Jan-03,1-Jan-03,500,141.45,6.391,30-May-01,HALF-YEARLY,30-May-21
601,14:00:05,GS,CG2012,7.40%,NR,1-Jan-03,1-Jan-03,500,109.665,6.032,3-May-02,HALF-YEARLY,3-May-12
602,14:00:07,GS,CG2017,7.49%,NR,1-Jan-03,1-Jan-03,500,111.95,6.216,16-Apr-02,HALF-YEARLY,16-Apr-17
603,14:00:09,GS,CG2017,8.07%,NR,1-Jan-03,1-Jan-03,500,117.45,6.191,15-Jan-02,HALF-YEARLY,15-Jan-17
604,14:00:12,GS,CG2009,11.99%,NR,1-Jan-03,1-Jan-03,500,131.65,5.878,7-Apr-99,HALF-YEARLY,7-Apr-09
605,14:00:15,GS,CG2017,7.49%,NR,1-Jan-03,1-Jan-03,500,111.87,6.224,16-Apr-02,HALF-YEARLY,16-Apr-17
606,14:00:17,GS,CG2012,11.03%,NR,1-Jan-03,1-Jan-03,500,135.65,6.057,18-Jul-00,HALF-YEARLY,18-Jul-12
607,14:00:19,GS,CG2011A,11.50%,NR,1-Jan-03,1-Jan-03,500,137.15,6.044,24-Nov-00,HALF-YEARLY,24-Nov-11
608,14:00:22,GS,CG2017,8.07%,NR,1-Jan-03,1-Jan-03,500,117.33,6.203,15-Jan-02,HALF-YEARLY,15-Jan-17
609,14:00:25,GS,CG2017,7.46%,NR,1-Jan-03,1-Jan-03,500,111.88,6.211,28-Aug-02,HALF-YEARLY,28-Aug-17
610,14:00:28,GS,CG2022,8.35%,NR,1-Jan-03,1-Jan-03,500,121.4,6.407,14-May-02,HALF-YEARLY,14-May-22
611,14:00:31,GS,CG2017,8.07%,NR,1-Jan-03,1-Jan-03,500,117.42,6.194,15-Jan-02,HALF-YEARLY,15-Jan-17
612,14:00:47,GS,CG2012,6.72%,NR,1-Jan-03,1-Jan-03,2500,103.97,6.163,18-Jul-02,HALF-YEARLY,18-Jul-12
613,14:00:49,GS,CG2022,8.35%,NR,1-Jan-03,1-Jan-03,1500,121.5,6.399,14-May-02,HALF-YEARLY,14-May-22
614,14:00:52,GS,CG2017,8.07%,NR,1-Jan-03,1-Jan-03,500,117.4,6.196,15-Jan-02,HALF-YEARLY,15-Jan-17
615,14:00:54,GS,CG2012,11.03%,NR,1-Jan-03,1-Jan-03,500,135.65,6.057,18-Jul-00,HALF-YEARLY,18-Jul-12
616,14:00:58,GS,CG2015,9.85%,NR,1-Jan-03,1-Jan-03,500,132.57,6.138,16-Oct-01,HALF-YEARLY,16-Oct-15
617,14:01:02,GS,CG2017,7.46%,NR,1-Jan-03,1-Jan-03,500,111.88,6.211,28-Aug-02,HALF-YEARLY,28-Aug-17
618,14:01:03,GS,CG2017,8.07%,NR,1-Jan-03,1-Jan-03,500,117.4,6.196,15-Jan-02,HALF-YEARLY,15-Jan-17
619,14:01:06,GS,CG2016,10.71%,NR,1-Jan-03,1-Jan-03,500,140.4,6.204,19-Apr-01,HALF-YEARLY,19-Apr-16
620,14:01:08,GS,CG2010,7.55%,NR,1-Jan-03,1-Jan-03,1000,109.88,5.881,14-May-02,HALF-YEARLY,14-May-10
621,14:01:10,GS,CG2013,9.81%,NR,1-Jan-03,1-Jan-03,500,128.7,6.057,30-May-01,HALF-YEARLY,30-May-13
622,14:01:13,GS,CG2010,7.55%,NR,1-Jan-03,1-Jan-03,500,109.9,5.878,14-May-02,HALF-YEARLY,14-May-10
623,14:01:15,GS,CG2016,10.71%,NR,1-Jan-03,1-Jan-03,500,140.37,6.207,19-Apr-01,HALF-YEARLY,19-Apr-16
624,14:01:17,GS,CG2010,7.55%,NR,1-Jan-03,1-Jan-03,500,109.9,5.878,14-May-02,HALF-YEARLY,14-May-10
625,14:01:19,GS,CG2017,7.46%,NR,1-Jan-03,1-Jan-03,500,111.9,6.209,28-Aug-02,HALF-YEARLY,28-Aug-17
626,14:03:07,GS,CG2017,8.07%,NR,1-Jan-03,1-Jan-03,500,117.35,6.201,15-Jan-02,HALF-YEARLY,15-Jan-17
627,14:03:09,GS,CG2016,10.71%,NR,1-Jan-03,1-Jan-03,500,140.35,6.209,19-Apr-01,HALF-YEARLY,19-Apr-16
628,14:03:11,GS,CG2011,10.95%,NR,1-Jan-03,1-Jan-03,500,131.7,6.084,30-May-00,HALF-YEARLY,30-May-11
629,14:03:13,GS,CG2017,8.07%,NR,1-Jan-03,1-Jan-03,500,117.37,6.199,15-Jan-02,HALF-YEARLY,15-Jan-17
630,14:03:15,GS,CG2015,9.85%,NR,1-Jan-03,1-Jan-03,500,132.7,6.126,16-Oct-01,HALF-YEARLY,16-Oct-15
631,14:03:18,GS,CG2019,10.03%,NR,1-Jan-03,1-Jan-03,500,137.66,6.329,9-Aug-01,HALF-YEARLY,9-Aug-19
632,14:03:21,GS,CG2015,9.85%,NR,1-Jan-03,1-Jan-03,500,132.7,6.126,16-Oct-01,HALF-YEARLY,16-Oct-15
633,14:03:24,GS,CG2012,7.40%,NR,1-Jan-03,1-Jan-03,500,109.6,6.041,3-May-02,HALF-YEARLY,3-May-12
634,14:03:26,GS,CG2019,10.03%,NR,1-Jan-03,1-Jan-03,500,137.6,6.334,9-Aug-01,HALF-YEARLY,9-Aug-19
635,14:03:30,GS,CG2017,8.07%,NR,1-Jan-03,1-Jan-03,500,117.25,6.21,15-Jan-02,HALF-YEARLY,15-Jan-17
636,14:03:32,GS,CG2017,8.07%,NR,1-Jan-03,1-Jan-03,500,117.37,6.199,15-Jan-02,HALF-YEARLY,15-Jan-17
637,14:04:10,GS,CG2017,7.49%,NR,1-Jan-03,1-Jan-03,500,111.95,6.216,16-Apr-02,HALF-YEARLY,16-Apr-17
638,14:04:18,GS,CG2017,7.46%,NR,1-Jan-03,1-Jan-03,500,111.83,6.216,28-Aug-02,HALF-YEARLY,28-Aug-17
639,14:04:26,GS,CG2012,11.03%,NR,1-Jan-03,1-Jan-03,1000,135.6,6.063,18-Jul-00,HALF-YEARLY,18-Jul-12
640,14:04:31,GS,CG2021,10.25%,NR,1-Jan-03,1-Jan-03,500,141.55,6.384,30-May-01,HALF-YEARLY,30-May-21
641,14:04:45,GS,CG2017,8.07%,NR,1-Jan-03,1-Jan-03,500,117.3,6.206,15-Jan-02,HALF-YEARLY,15-Jan-17
642,14:04:51,GS,CG2011,9.39%,NR,1-Jan-03,2-Jan-03,500,122,6.046,2-Jul-01,HALF-YEARLY,2-Jul-11
643,14:05:56,GS,CG2013,9.81%,NR,1-Jan-03,1-Jan-03,500,128.7,6.057,30-May-01,HALF-YEARLY,30-May-13
644,14:06:07,GS,CG2026,10.18%,NR,1-Jan-03,1-Jan-03,2500,143.95,6.515,11-Sep-01,HALF-YEARLY,11-Sep-26
645,14:06:10,GS,CG2011,9.39%,NR,1-Jan-03,2-Jan-03,500,122.05,6.04,2-Jul-01,HALF-YEARLY,2-Jul-11
646,14:06:12,GS,CG2021,10.25%,NR,1-Jan-03,1-Jan-03,500,141.5,6.388,30-May-01,HALF-YEARLY,30-May-21
647,14:06:16,GS,CG2017,7.46%,NR,1-Jan-03,1-Jan-03,500,111.9,6.209,28-Aug-02,HALF-YEARLY,28-Aug-17
648,14:06:18,GS,CG2017,8.07%,NR,1-Jan-03,1-Jan-03,500,117.35,6.201,15-Jan-02,HALF-YEARLY,15-Jan-17
649,14:06:20,GS,CG2012,7.40%,NR,1-Jan-03,1-Jan-03,500,109.6,6.041,3-May-02,HALF-YEARLY,3-May-12
650,14:06:24,GS,CG2011A,11.50%,NR,1-Jan-03,1-Jan-03,500,137.095,6.05,24-Nov-00,HALF-YEARLY,24-Nov-11
651,14:06:42,GS,CG2012,7.40%,NR,1-Jan-03,1-Jan-03,500,109.6,6.041,3-May-02,HALF-YEARLY,3-May-12
652,14:06:45,GS,CG2012,7.40%,NR,1-Jan-03,1-Jan-03,500,109.6,6.041,3-May-02,HALF-YEARLY,3-May-12
653,14:06:48,GS,CG2017,8.07%,NR,1-Jan-03,1-Jan-03,500,117.35,6.201,15-Jan-02,HALF-YEARLY,15-Jan-17
654,14:06:51,GS,CG2009,6.65%,NR,1-Jan-03,1-Jan-03,2000,104.23,5.834,5-Apr-02,HALF-YEARLY,5-Apr-09
655,14:06:54,GS,CG2017,7.46%,NR,1-Jan-03,1-Jan-03,500,111.92,6.207,28-Aug-02,HALF-YEARLY,28-Aug-17
656,14:06:57,GS,CG2012,7.40%,NR,1-Jan-03,1-Jan-03,500,109.65,6.034,3-May-02,HALF-YEARLY,3-May-12
657,14:07:00,GS,CG2017,7.46%,NR,1-Jan-03,1-Jan-03,500,111.82,6.217,28-Aug-02,HALF-YEARLY,28-Aug-17
658,14:13:02,GS,CG2012,11.03%,NR,1-Jan-03,1-Jan-03,500,135.64,6.058,18-Jul-00,HALF-YEARLY,18-Jul-12
659,14:13:05,GS,CG2021,10.25%,NR,1-Jan-03,2-Jan-03,500,141.45,6.391,30-May-01,HALF-YEARLY,30-May-21
660,14:13:08,GS,CG2022,8.35%,NR,1-Jan-03,2-Jan-03,500,121.55,6.395,14-May-02,HALF-YEARLY,14-May-22
661,14:13:14,GS,CG2019,10.03%,NR,1-Jan-03,1-Jan-03,500,137.6,6.334,9-Aug-01,HALF-YEARLY,9-Aug-19
662,14:13:16,GS,CG2017,8.07%,NR,1-Jan-03,1-Jan-03,500,117.35,6.201,15-Jan-02,HALF-YEARLY,15-Jan-17
663,14:13:22,GS,CG2011,10.95%,NR,1-Jan-03,1-Jan-03,500,131.72,6.082,30-May-00,HALF-YEARLY,30-May-11
664,14:13:25,GS,CG2017,8.07%,NR,1-Jan-03,1-Jan-03,500,117.385,6.197,15-Jan-02,HALF-YEARLY,15-Jan-17
665,14:13:28,GS,CG2012,11.03%,NR,1-Jan-03,1-Jan-03,500,135.635,6.059,18-Jul-00,HALF-YEARLY,18-Jul-12
666,14:13:31,GS,CG2017,8.07%,NR,1-Jan-03,1-Jan-03,500,117.4,6.196,15-Jan-02,HALF-YEARLY,15-Jan-17
667,14:13:36,GS,CG2011,9.39%,NR,1-Jan-03,2-Jan-03,500,122.04,6.041,2-Jul-01,HALF-YEARLY,2-Jul-11
668,14:13:41,TB,91D,280303,NR,1-Jan-03,1-Jan-03,2500,98.7437,5.4,27-Dec-02,,28-Mar-03
669,14:13:43,GS,CG2017,7.46%,NR,1-Jan-03,1-Jan-03,500,111.9,6.209,28-Aug-02,HALF-YEARLY,28-Aug-17
670,14:13:46,GS,CG2012,11.03%,NR,1-Jan-03,1-Jan-03,1000,135.69,6.052,18-Jul-00,HALF-YEARLY,18-Jul-12
671,14:13:48,GS,CG2017,8.07%,NR,1-Jan-03,1-Jan-03,500,117.2,6.215,15-Jan-02,HALF-YEARLY,15-Jan-17
672,14:13:51,GS,CG2011,12.32%,NR,1-Jan-03,1-Jan-03,500,138.84,6.146,29-Jan-99,HALF-YEARLY,29-Jan-11
673,14:13:53,GS,CG2012,11.03%,NR,1-Jan-03,1-Jan-03,500,135.68,6.054,18-Jul-00,HALF-YEARLY,18-Jul-12
674,14:13:56,GS,CG2015,9.85%,NR,1-Jan-03,1-Jan-03,500,132.73,6.123,16-Oct-01,HALF-YEARLY,16-Oct-15
675,14:14:00,TB,364D,121203,NR,1-Jan-03,1-Jan-03,1500,95.1181,5.43,13-Dec-02,,12-Dec-03
676,14:14:02,GS,CG2011,12.32%,NR,1-Jan-03,1-Jan-03,500,138.84,6.146,29-Jan-99,HALF-YEARLY,29-Jan-11
677,14:14:04,GS,CG2022,8.35%,NR,1-Jan-03,1-Jan-03,500,121.45,6.403,14-May-02,HALF-YEARLY,14-May-22
678,14:14:06,GS,CG2015,9.85%,NR,1-Jan-03,1-Jan-03,500,132.72,6.124,16-Oct-01,HALF-YEARLY,16-Oct-15
679,14:14:08,GS,CG2012,7.40%,NR,1-Jan-03,1-Jan-03,500,109.67,6.032,3-May-02,HALF-YEARLY,3-May-12
680,14:32:35,GS,CG2026,10.18%,NR,1-Jan-03,1-Jan-03,1000,143.85,6.522,11-Sep-01,HALF-YEARLY,11-Sep-26
681,14:32:44,GS,CG2012,11.03%,NR,1-Jan-03,1-Jan-03,500,135.62,6.06,18-Jul-00,HALF-YEARLY,18-Jul-12
682,14:32:46,GS,CG2017,7.46%,NR,1-Jan-03,1-Jan-03,500,111.88,6.211,28-Aug-02,HALF-YEARLY,28-Aug-17
683,14:32:50,GS,CG2012,7.40%,NR,1-Jan-03,1-Jan-03,500,109.67,6.032,3-May-02,HALF-YEARLY,3-May-12
684,14:32:54,GS,CG2021,10.25%,NR,1-Jan-03,1-Jan-03,500,141.33,6.4,30-May-01,HALF-YEARLY,30-May-21
685,14:32:57,GS,CG2017,8.07%,NR,1-Jan-03,1-Jan-03,500,117.4,6.196,15-Jan-02,HALF-YEARLY,15-Jan-17
686,14:33:01,GS,CG2017,7.46%,NR,1-Jan-03,1-Jan-03,500,111.82,6.217,28-Aug-02,HALF-YEARLY,28-Aug-17
687,14:33:07,GS,CG2015,9.85%,NR,1-Jan-03,1-Jan-03,500,132.65,6.13,16-Oct-01,HALF-YEARLY,16-Oct-15
688,14:33:15,GS,CG2011,10.95%,NR,1-Jan-03,1-Jan-03,500,131.7,6.084,30-May-00,HALF-YEARLY,30-May-11
689,14:33:19,GS,CG2017,8.07%,NR,1-Jan-03,1-Jan-03,500,117.25,6.21,15-Jan-02,HALF-YEARLY,15-Jan-17
690,14:33:22,GS,CG2012,11.03%,NR,1-Jan-03,1-Jan-03,500,135.7,6.051,18-Jul-00,HALF-YEARLY,18-Jul-12
691,14:33:25,GS,CG2017,8.07%,NR,1-Jan-03,1-Jan-03,500,117.25,6.21,15-Jan-02,HALF-YEARLY,15-Jan-17
692,14:33:27,GS,CG2011,10.95%,NR,1-Jan-03,1-Jan-03,500,131.7,6.084,30-May-00,HALF-YEARLY,30-May-11
693,14:33:30,GS,CG2012,9.40%,NR,1-Jan-03,1-Jan-03,500,124.1,6.075,11-Sep-01,HALF-YEARLY,11-Sep-12
694,14:33:32,GS,CG2017,7.46%,NR,1-Jan-03,1-Jan-03,500,111.9,6.209,28-Aug-02,HALF-YEARLY,28-Aug-17
695,14:33:35,GS,CG2017,7.49%,NR,1-Jan-03,1-Jan-03,500,111.72,6.239,16-Apr-02,HALF-YEARLY,16-Apr-17
696,14:33:38,GS,CG2017,8.07%,NR,1-Jan-03,1-Jan-03,500,117.38,6.198,15-Jan-02,HALF-YEARLY,15-Jan-17
697,14:33:46,GS,CG2017,8.07%,NR,1-Jan-03,1-Jan-03,2000,117.39,6.197,15-Jan-02,HALF-YEARLY,15-Jan-17
698,14:33:49,GS,CG2012,7.40%,NR,1-Jan-03,1-Jan-03,1000,109.63,6.037,3-May-02,HALF-YEARLY,3-May-12
699,14:33:52,GS,CG2010,11.30%,NR,1-Jan-03,1-Jan-03,500,131.98,5.986,28-Jul-00,HALF-YEARLY,28-Jul-10
700,14:33:54,GS,CG2017,8.07%,NR,1-Jan-03,1-Jan-03,500,117.39,6.197,15-Jan-02,HALF-YEARLY,15-Jan-17
701,14:33:57,GS,CG2016,10.71%,NR,1-Jan-03,1-Jan-03,500,140.38,6.206,19-Apr-01,HALF-YEARLY,19-Apr-16
702,14:34:11,GS,CG2011,8%,NR,1-Jan-03,1-Jan-03,10,111.4,6.225,27-Apr-89,HALF-YEARLY,27-Apr-11
706,14:34:21,GS,CG2012,7.40%,NR,1-Jan-03,1-Jan-03,500,109.68,6.03,3-May-02,HALF-YEARLY,3-May-12
707,14:34:24,GS,CG2010,11.30%,NR,1-Jan-03,1-Jan-03,500,131.95,5.99,28-Jul-00,HALF-YEARLY,28-Jul-10
708,14:34:27,GS,CG2010,7.55%,NR,1-Jan-03,1-Jan-03,2500,109.88,5.881,14-May-02,HALF-YEARLY,14-May-10
709,14:34:30,GS,CG2012,7.40%,NR,1-Jan-03,1-Jan-03,500,109.63,6.037,3-May-02,HALF-YEARLY,3-May-12
710,14:34:33,GS,CG2015,9.85%,NR,1-Jan-03,1-Jan-03,2500,132.6,6.135,16-Oct-01,HALF-YEARLY,16-Oct-15
711,14:34:58,GS,CG2011,9.39%,NR,1-Jan-03,2-Jan-03,500,122.05,6.04,2-Jul-01,HALF-YEARLY,2-Jul-11
712,14:35:00,GS,CG2017,7.49%,NR,1-Jan-03,1-Jan-03,500,111.94,6.217,16-Apr-02,HALF-YEARLY,16-Apr-17
713,14:35:03,GS,CG2017,8.07%,NR,1-Jan-03,1-Jan-03,500,117.4,6.196,15-Jan-02,HALF-YEARLY,15-Jan-17
714,14:35:07,GS,CG2017,8.07%,NR,1-Jan-03,1-Jan-03,500,117.38,6.198,15-Jan-02,HALF-YEARLY,15-Jan-17
715,14:35:09,GS,CG2011,9.39%,NR,1-Jan-03,2-Jan-03,500,122.02,6.044,2-Jul-01,HALF-YEARLY,2-Jul-11
716,14:35:12,GS,CG2011,10.95%,NR,1-Jan-03,1-Jan-03,1000,131.7,6.084,30-May-00,HALF-YEARLY,30-May-11
717,14:35:15,GS,CG2017,7.49%,NR,1-Jan-03,1-Jan-03,500,111.9,6.221,16-Apr-02,HALF-YEARLY,16-Apr-17
718,14:35:18,GS,CG2022,8.35%,NR,1-Jan-03,1-Jan-03,500,121.2,6.423,14-May-02,HALF-YEARLY,14-May-22
719,14:35:22,GS,CG2017,7.46%,NR,1-Jan-03,1-Jan-03,1000,111.92,6.207,28-Aug-02,HALF-YEARLY,28-Aug-17
720,14:35:25,GS,CG2017,7.46%,NR,1-Jan-03,1-Jan-03,1000,111.85,6.214,28-Aug-02,HALF-YEARLY,28-Aug-17
721,14:35:28,GS,CG2012,7.40%,NR,1-Jan-03,1-Jan-03,500,109.68,6.03,3-May-02,HALF-YEARLY,3-May-12
722,14:35:31,GS,CG2011A,11.50%,NR,1-Jan-03,1-Jan-03,500,137,6.062,24-Nov-00,HALF-YEARLY,24-Nov-11
723,14:35:34,GS,CG2011,12.32%,NR,1-Jan-03,1-Jan-03,500,138.84,6.146,29-Jan-99,HALF-YEARLY,29-Jan-11
724,14:35:37,GS,CG2017,7.46%,NR,1-Jan-03,1-Jan-03,500,111.88,6.211,28-Aug-02,HALF-YEARLY,28-Aug-17
727,14:55:02,GS,CG2012,7.40%,NR,1-Jan-03,1-Jan-03,500,109.6,6.041,3-May-02,HALF-YEARLY,3-May-12
728,14:55:07,TB,364D,121203,NR,1-Jan-03,2-Jan-03,1000,95.1316,5.43,13-Dec-02,,12-Dec-03
729,14:55:11,TB,364D,121203,NR,1-Jan-03,2-Jan-03,1000,95.1316,5.43,13-Dec-02,,12-Dec-03
730,14:55:14,GS,CG2014,11.83%,NR,1-Jan-03,2-Jan-03,500,145.55,6.317,12-Nov-99,HALF-YEARLY,12-Nov-14
731,14:55:16,GS,CG2011A,11.50%,NR,1-Jan-03,1-Jan-03,500,137.07,6.053,24-Nov-00,HALF-YEARLY,24-Nov-11
732,14:55:20,GS,CG2014,7.37%,NR,1-Jan-03,2-Jan-03,500,110.5,6.072,16-Apr-02,HALF-YEARLY,16-Apr-14
733,15:44:40,GS,CG2019,10.03%,NR,1-Jan-03,2-Jan-03,500,137.65,6.33,9-Aug-01,HALF-YEARLY,9-Aug-19
734,15:44:44,GS,CG2008,11.40%,NR,1-Jan-03,2-Jan-03,1500,126.95,5.756,31-Aug-00,HALF-YEARLY,31-Aug-08
735,15:44:47,GS,CG2022,8.35%,NR,1-Jan-03,2-Jan-03,1000,121.38,6.409,14-May-02,HALF-YEARLY,14-May-22
736,15:44:49,GS,CG2012,6.72%,NR,1-Jan-03,2-Jan-03,1000,104,6.159,18-Jul-02,HALF-YEARLY,18-Jul-12
737,15:44:53,GS,CG2018,10.45%,NR,1-Jan-03,2-Jan-03,1000,140.2,6.318,30-Apr-01,HALF-YEARLY,30-Apr-18
738,15:44:56,GS,CG2012,6.72%,NR,1-Jan-03,2-Jan-03,2500,104,6.159,18-Jul-02,HALF-YEARLY,18-Jul-12
739,15:45:02,GS,CG2012,9.40%,NR,1-Jan-03,2-Jan-03,1000,124.12,6.072,11-Sep-01,HALF-YEARLY,11-Sep-12
740,15:45:04,GS,CG2017,8.07%,NR,1-Jan-03,2-Jan-03,1000,117.42,6.194,15-Jan-02,HALF-YEARLY,15-Jan-17
741,15:45:08,GS,CG2011,9.39%,NR,1-Jan-03,2-Jan-03,500,122.05,6.04,2-Jul-01,HALF-YEARLY,2-Jul-11
742,15:45:10,GS,CG2011,9.39%,NR,1-Jan-03,2-Jan-03,2500,122.08,6.036,2-Jul-01,HALF-YEARLY,2-Jul-11
743,15:49:08,GS,CG2017,8.07%,NR,1-Jan-03,2-Jan-03,500,117.37,6.199,15-Jan-02,HALF-YEARLY,15-Jan-17
744,16:03:19,GS,CG2022,8.35%,NR,1-Jan-03,2-Jan-03,500,121.4,6.407,14-May-02,HALF-YEARLY,14-May-22
745,16:03:21,GS,CG2011,9.39%,NR,1-Jan-03,2-Jan-03,500,122.12,6.03,2-Jul-01,HALF-YEARLY,2-Jul-11
746,16:03:27,GS,CG2019,10.03%,NR,1-Jan-03,2-Jan-03,500,137.66,6.329,9-Aug-01,HALF-YEARLY,9-Aug-19
747,16:03:30,GS,CG2032,7.95%,NR,1-Jan-03,2-Jan-03,1000,118.7,6.515,28-Aug-02,HALF-YEARLY,28-Aug-32
748,16:03:32,GS,CG2014,11.83%,NR,1-Jan-03,2-Jan-03,500,145.55,6.317,12-Nov-99,HALF-YEARLY,12-Nov-14
749,16:03:35,GS,CG2017,7.46%,NR,1-Jan-03,2-Jan-03,500,111.9,6.209,28-Aug-02,HALF-YEARLY,28-Aug-17
750,16:03:38,GS,CG2026,10.18%,NR,1-Jan-03,2-Jan-03,500,143.87,6.52,11-Sep-01,HALF-YEARLY,11-Sep-26
751,16:03:41,GS,CG2012,11.03%,NR,1-Jan-03,2-Jan-03,500,135.63,6.059,18-Jul-00,HALF-YEARLY,18-Jul-12
752,16:03:44,GS,CG2017,7.46%,NR,1-Jan-03,2-Jan-03,500,111.88,6.211,28-Aug-02,HALF-YEARLY,28-Aug-17
753,16:03:47,GS,CG2019,10.03%,NR,1-Jan-03,2-Jan-03,500,137.69,6.327,9-Aug-01,HALF-YEARLY,9-Aug-19
754,16:03:50,GS,CG2012,7.40%,NR,1-Jan-03,2-Jan-03,500,109.66,6.033,3-May-02,HALF-YEARLY,3-May-12
755,16:03:53,GS,CG2013,9.81%,NR,1-Jan-03,2-Jan-03,500,128.65,6.062,30-May-01,HALF-YEARLY,30-May-13
756,16:04:33,GS,CG2017,7.46%,NR,1-Jan-03,2-Jan-03,10,111.85,6.214,28-Aug-02,HALF-YEARLY,28-Aug-17
757,16:04:35,GS,CG2017,7.46%,NR,1-Jan-03,2-Jan-03,40,111.9,6.209,28-Aug-02,HALF-YEARLY,28-Aug-17
759,16:06:38,GS,CG2011A,11.50%,NR,1-Jan-03,2-Jan-03,500,137.09,6.05,24-Nov-00,HALF-YEARLY,24-Nov-11
760,16:06:40,GS,CG2011,9.39%,NR,1-Jan-03,2-Jan-03,500,122.12,6.03,2-Jul-01,HALF-YEARLY,2-Jul-11
761,16:12:50,GS,CG2012,7.40%,NR,1-Jan-03,2-Jan-03,500,109.65,6.034,3-May-02,HALF-YEARLY,3-May-12
762,16:12:53,GS,CG2011A,11.50%,NR,1-Jan-03,2-Jan-03,500,137.1,6.048,24-Nov-00,HALF-YEARLY,24-Nov-11
763,16:12:55,GS,CG2011,9.39%,NR,1-Jan-03,2-Jan-03,500,122.07,6.037,2-Jul-01,HALF-YEARLY,2-Jul-11
764,16:12:57,GS,CG2017,8.07%,NR,1-Jan-03,2-Jan-03,500,117.38,6.198,15-Jan-02,HALF-YEARLY,15-Jan-17
765,16:13:00,GS,CG2017,8.07%,NR,1-Jan-03,2-Jan-03,500,117.38,6.198,15-Jan-02,HALF-YEARLY,15-Jan-17
766,16:13:57,GS,CG2017,8.07%,NR,1-Jan-03,2-Jan-03,500,117.38,6.198,15-Jan-02,HALF-YEARLY,15-Jan-17
767,16:14:12,GS,CG2014,11.83%,NR,1-Jan-03,2-Jan-03,500,145.5,6.322,12-Nov-99,HALF-YEARLY,12-Nov-14
768,16:31:23,GS,CG2009,11.99%,NR,1-Jan-03,2-Jan-03,1500,131.65,5.876,7-Apr-99,HALF-YEARLY,7-Apr-09
769,16:31:40,GS,CG2019,10.03%,NR,1-Jan-03,2-Jan-03,500,137.7,6.326,9-Aug-01,HALF-YEARLY,9-Aug-19
770,16:31:43,GS,CG2022,8.35%,NR,1-Jan-03,2-Jan-03,500,121.36,6.41,14-May-02,HALF-YEARLY,14-May-22
771,16:31:49,GS,CG2011,10.95%,NR,1-Jan-03,2-Jan-03,500,131.73,6.079,30-May-00,HALF-YEARLY,30-May-11
772,16:31:52,GS,CG2019,10.03%,NR,1-Jan-03,2-Jan-03,500,137.68,6.327,9-Aug-01,HALF-YEARLY,9-Aug-19
773,16:31:55,GS,CG2022,8.35%,NR,1-Jan-03,2-Jan-03,1000,121.45,6.403,14-May-02,HALF-YEARLY,14-May-22
774,16:32:01,GS,CG2012,9.40%,NR,1-Jan-03,2-Jan-03,1000,124.14,6.07,11-Sep-01,HALF-YEARLY,11-Sep-12
775,16:32:04,GS,CG2013,9.81%,NR,1-Jan-03,2-Jan-03,500,128.65,6.062,30-May-01,HALF-YEARLY,30-May-13
776,16:32:06,GS,CG2016,10.71%,NR,1-Jan-03,2-Jan-03,500,140.4,6.204,19-Apr-01,HALF-YEARLY,19-Apr-16
777,16:32:09,GS,CG2011A,11.50%,NR,1-Jan-03,2-Jan-03,3000,137.12,6.046,24-Nov-00,HALF-YEARLY,24-Nov-11
778,16:32:11,GS,CG2008,11.40%,NR,1-Jan-03,2-Jan-03,500,126.92,5.761,31-Aug-00,HALF-YEARLY,31-Aug-08
779,16:32:14,GS,CG2012,11.03%,NR,1-Jan-03,2-Jan-03,500,135.62,6.06,18-Jul-00,HALF-YEARLY,18-Jul-12
780,16:32:16,GS,CG2012,11.03%,NR,1-Jan-03,2-Jan-03,500,135.62,6.06,18-Jul-00,HALF-YEARLY,18-Jul-12
781,16:32:46,GS,CG2017,7.49%,NR,1-Jan-03,2-Jan-03,500,111.95,6.216,16-Apr-02,HALF-YEARLY,16-Apr-17
782,16:32:49,GS,CG2017,7.46%,NR,1-Jan-03,2-Jan-03,500,111.88,6.211,28-Aug-02,HALF-YEARLY,28-Aug-17
783,16:32:51,GS,CG2015,9.85%,NR,1-Jan-03,2-Jan-03,500,132.68,6.127,16-Oct-01,HALF-YEARLY,16-Oct-15
784,16:32:53,GS,CG2022,8.35%,NR,1-Jan-03,2-Jan-03,500,121.55,6.395,14-May-02,HALF-YEARLY,14-May-22
785,16:32:55,GS,CG2017,8.07%,NR,1-Jan-03,2-Jan-03,500,117.38,6.198,15-Jan-02,HALF-YEARLY,15-Jan-17
786,16:32:58,GS,CG2026,10.18%,NR,1-Jan-03,2-Jan-03,500,143.87,6.52,11-Sep-01,HALF-YEARLY,11-Sep-26
787,16:33:03,GS,CG2011,9.39%,NR,1-Jan-03,2-Jan-03,2500,122.1,6.033,2-Jul-01,HALF-YEARLY,2-Jul-11
788,16:33:06,GS,CG2017,7.46%,NR,1-Jan-03,2-Jan-03,500,111.9,6.209,28-Aug-02,HALF-YEARLY,28-Aug-17
789,16:33:09,GS,CG2011,9.39%,NR,1-Jan-03,2-Jan-03,500,122,6.046,2-Jul-01,HALF-YEARLY,2-Jul-11
790,16:33:12,GS,CG2011,9.39%,NR,1-Jan-03,2-Jan-03,500,122,6.046,2-Jul-01,HALF-YEARLY,2-Jul-11
791,16:33:16,GS,CG2011,9.39%,NR,1-Jan-03,2-Jan-03,500,122.05,6.04,2-Jul-01,HALF-YEARLY,2-Jul-11
792,16:33:19,GS,CG2015,10.47%,NR,1-Jan-03,2-Jan-03,1000,136.15,6.182,12-Feb-01,HALF-YEARLY,12-Feb-15
793,16:33:29,GS,CG2015,10.47%,NR,1-Jan-03,2-Jan-03,2500,136.15,6.182,12-Feb-01,HALF-YEARLY,12-Feb-15
795,16:34:30,GS,CG2012,7.40%,NR,1-Jan-03,2-Jan-03,500,109.65,6.034,3-May-02,HALF-YEARLY,3-May-12
796,16:34:33,GS,CG2017,7.49%,NR,1-Jan-03,2-Jan-03,500,111.96,6.215,16-Apr-02,HALF-YEARLY,16-Apr-17
797,16:34:35,GS,CG2017,8.07%,NR,1-Jan-03,2-Jan-03,500,117.35,6.201,15-Jan-02,HALF-YEARLY,15-Jan-17
798,16:34:38,GS,CG2015,9.85%,NR,1-Jan-03,2-Jan-03,500,132.69,6.126,16-Oct-01,HALF-YEARLY,16-Oct-15
799,16:34:40,GS,CG2017,7.46%,NR,1-Jan-03,2-Jan-03,500,111.82,6.216,28-Aug-02,HALF-YEARLY,28-Aug-17
800,16:34:42,GS,CG2012,7.40%,NR,1-Jan-03,2-Jan-03,500,109.66,6.033,3-May-02,HALF-YEARLY,3-May-12
801,16:34:45,GS,CG2017,7.46%,NR,1-Jan-03,2-Jan-03,500,111.82,6.216,28-Aug-02,HALF-YEARLY,28-Aug-17
802,16:34:47,GS,CG2021,10.25%,NR,1-Jan-03,2-Jan-03,500,141.3,6.402,30-May-01,HALF-YEARLY,30-May-21
803,16:34:49,GS,CG2013,9.81%,NR,1-Jan-03,2-Jan-03,500,128.65,6.062,30-May-01,HALF-YEARLY,30-May-13
804,16:34:51,GS,CG2017,7.46%,NR,1-Jan-03,2-Jan-03,1000,111.89,6.21,28-Aug-02,HALF-YEARLY,28-Aug-17
805,16:35:06,GS,CG2017,7.49%,NR,1-Jan-03,2-Jan-03,500,111.96,6.215,16-Apr-02,HALF-YEARLY,16-Apr-17
806,16:39:08,GS,CG2015,10.47%,NR,1-Jan-03,2-Jan-03,500,136.09,6.187,12-Feb-01,HALF-YEARLY,12-Feb-15
807,16:39:12,GS,CG2017,7.46%,NR,1-Jan-03,2-Jan-03,2500,111.87,6.212,28-Aug-02,HALF-YEARLY,28-Aug-17
808,16:39:15,GS,CG2017,7.46%,NR,1-Jan-03,2-Jan-03,2000,111.85,6.214,28-Aug-02,HALF-YEARLY,28-Aug-17
809,16:39:18,GS,CG2015,10.47%,NR,1-Jan-03,2-Jan-03,500,136.15,6.182,12-Feb-01,HALF-YEARLY,12-Feb-15
810,16:39:20,GS,CG2017,7.46%,NR,1-Jan-03,2-Jan-03,500,111.87,6.212,28-Aug-02,HALF-YEARLY,28-Aug-17
811,16:39:22,GS,CG2017,7.49%,NR,1-Jan-03,2-Jan-03,500,111.95,6.216,16-Apr-02,HALF-YEARLY,16-Apr-17
812,16:39:25,GS,CG2013,9.81%,NR,1-Jan-03,2-Jan-03,500,128.65,6.062,30-May-01,HALF-YEARLY,30-May-13
813,16:39:28,GS,CG2017,7.49%,NR,1-Jan-03,2-Jan-03,1000,112,6.211,16-Apr-02,HALF-YEARLY,16-Apr-17
814,16:39:30,GS,CG2012,11.03%,NR,1-Jan-03,2-Jan-03,500,135.6,6.062,18-Jul-00,HALF-YEARLY,18-Jul-12
815,16:39:33,GS,CG2019,10.03%,NR,1-Jan-03,2-Jan-03,1000,137.68,6.327,9-Aug-01,HALF-YEARLY,9-Aug-19
816,16:39:35,GS,CG2011,9.39%,NR,1-Jan-03,2-Jan-03,500,122.1,6.033,2-Jul-01,HALF-YEARLY,2-Jul-11
817,16:40:41,GS,CG2012,11.03%,NR,1-Jan-03,2-Jan-03,1000,135.64,6.057,18-Jul-00,HALF-YEARLY,18-Jul-12
818,16:40:45,GS,CG2011,9.39%,NR,1-Jan-03,2-Jan-03,500,122.1,6.033,2-Jul-01,HALF-YEARLY,2-Jul-11
819,16:40:48,GS,CG2017,7.49%,NR,1-Jan-03,2-Jan-03,500,111.95,6.216,16-Apr-02,HALF-YEARLY,16-Apr-17
820,16:40:50,GS,CG2013,9.81%,NR,1-Jan-03,2-Jan-03,500,128.7,6.056,30-May-01,HALF-YEARLY,30-May-13
821,16:40:52,GS,CG2013,9.81%,NR,1-Jan-03,2-Jan-03,500,128.68,6.059,30-May-01,HALF-YEARLY,30-May-13
822,16:40:54,GS,CG2022,8.35%,NR,1-Jan-03,2-Jan-03,500,121.53,6.397,14-May-02,HALF-YEARLY,14-May-22
823,16:42:56,GS,CG2015,9.85%,NR,1-Jan-03,2-Jan-03,500,132.7,6.125,16-Oct-01,HALF-YEARLY,16-Oct-15
824,16:42:59,GS,CG2012,7.40%,NR,1-Jan-03,2-Jan-03,500,109.68,6.03,3-May-02,HALF-YEARLY,3-May-12
825,16:43:02,GS,CG2016,10.71%,NR,1-Jan-03,2-Jan-03,500,140.39,6.205,19-Apr-01,HALF-YEARLY,19-Apr-16
826,16:43:04,GS,CG2011,9.39%,NR,1-Jan-03,2-Jan-03,500,122,6.046,2-Jul-01,HALF-YEARLY,2-Jul-11
827,16:43:06,GS,CG2012,7.40%,NR,1-Jan-03,2-Jan-03,1000,109.68,6.03,3-May-02,HALF-YEARLY,3-May-12
828,16:43:08,GS,CG2011,9.39%,NR,1-Jan-03,2-Jan-03,500,122.1,6.033,2-Jul-01,HALF-YEARLY,2-Jul-11
829,16:43:10,GS,CG2008,11.40%,NR,1-Jan-03,2-Jan-03,500,126.95,5.756,31-Aug-00,HALF-YEARLY,31-Aug-08
830,16:43:12,GS,CG2011A,11.50%,NR,1-Jan-03,2-Jan-03,500,137.08,6.051,24-Nov-00,HALF-YEARLY,24-Nov-11
831,16:43:14,GS,CG2021,10.25%,NR,1-Jan-03,2-Jan-03,500,141.44,6.392,30-May-01,HALF-YEARLY,30-May-21
832,16:43:17,GS,CG2017,7.46%,NR,1-Jan-03,2-Jan-03,500,111.9,6.209,28-Aug-02,HALF-YEARLY,28-Aug-17
833,16:43:19,GS,CG2011A,11.50%,NR,1-Jan-03,2-Jan-03,2000,137.1,6.048,24-Nov-00,HALF-YEARLY,24-Nov-11
835,16:43:24,GS,CG2011A,11.50%,NR,1-Jan-03,2-Jan-03,500,137.1,6.048,24-Nov-00,HALF-YEARLY,24-Nov-11
836,16:43:26,GS,CG2012,6.85%,NR,1-Jan-03,2-Jan-03,500,105.51,6.063,5-Apr-02,HALF-YEARLY,5-Apr-12
837,16:49:37,GS,CG2017,8.07%,NR,1-Jan-03,2-Jan-03,500,117.39,6.197,15-Jan-02,HALF-YEARLY,15-Jan-17
838,16:49:40,GS,CG2015,9.85%,NR,1-Jan-03,2-Jan-03,500,132.7,6.125,16-Oct-01,HALF-YEARLY,16-Oct-15
839,16:49:42,GS,CG2011,9.39%,NR,1-Jan-03,2-Jan-03,500,122.09,6.034,2-Jul-01,HALF-YEARLY,2-Jul-11
840,16:49:45,GS,CG2012,7.40%,NR,1-Jan-03,2-Jan-03,500,109.7,6.027,3-May-02,HALF-YEARLY,3-May-12
841,16:49:49,GS,CG2017,8.07%,NR,1-Jan-03,2-Jan-03,2000,117.44,6.192,15-Jan-02,HALF-YEARLY,15-Jan-17
842,16:49:52,GS,CG2011,9.39%,NR,1-Jan-03,2-Jan-03,500,122.09,6.034,2-Jul-01,HALF-YEARLY,2-Jul-11
843,16:49:55,GS,CG2017,8.07%,NR,1-Jan-03,2-Jan-03,500,117.38,6.198,15-Jan-02,HALF-YEARLY,15-Jan-17
844,16:49:58,GS,CG2011,9.39%,NR,1-Jan-03,2-Jan-03,500,122.12,6.03,2-Jul-01,HALF-YEARLY,2-Jul-11
845,16:50:01,GS,CG2021,10.25%,NR,1-Jan-03,2-Jan-03,1000,141.44,6.392,30-May-01,HALF-YEARLY,30-May-21
846,16:50:03,GS,CG2015,9.85%,NR,1-Jan-03,2-Jan-03,500,132.7,6.125,16-Oct-01,HALF-YEARLY,16-Oct-15
847,16:50:05,GS,CG2026,10.18%,NR,1-Jan-03,2-Jan-03,1000,143.87,6.52,11-Sep-01,HALF-YEARLY,11-Sep-26
848,16:50:07,GS,CG2017,8.07%,NR,1-Jan-03,2-Jan-03,1000,117.37,6.199,15-Jan-02,HALF-YEARLY,15-Jan-17
849,16:50:09,GS,CG2011,9.39%,NR,1-Jan-03,2-Jan-03,500,122,6.046,2-Jul-01,HALF-YEARLY,2-Jul-11
851,16:50:20,GS,CG2016,10.71%,NR,1-Jan-03,2-Jan-03,1000,140.4,6.204,19-Apr-01,HALF-YEARLY,19-Apr-16
852,16:50:23,GS,CG2017,7.46%,NR,1-Jan-03,2-Jan-03,500,111.89,6.21,28-Aug-02,HALF-YEARLY,28-Aug-17
853,16:50:33,GS,CG2017,7.46%,NR,1-Jan-03,2-Jan-03,500,111.89,6.21,28-Aug-02,HALF-YEARLY,28-Aug-17
854,16:51:43,GS,CG2016,10.71%,NR,1-Jan-03,2-Jan-03,500,140.38,6.206,19-Apr-01,HALF-YEARLY,19-Apr-16
855,16:51:47,GS,CG2017,7.49%,NR,1-Jan-03,2-Jan-03,500,111.95,6.216,16-Apr-02,HALF-YEARLY,16-Apr-17
856,16:51:51,GS,CG2012,11.03%,NR,1-Jan-03,2-Jan-03,500,135.6,6.062,18-Jul-00,HALF-YEARLY,18-Jul-12
857,16:51:54,GS,CG2010,11.30%,NR,1-Jan-03,2-Jan-03,500,132,5.982,28-Jul-00,HALF-YEARLY,28-Jul-10
858,16:51:57,GS,CG2017,7.46%,NR,1-Jan-03,2-Jan-03,500,111.85,6.214,28-Aug-02,HALF-YEARLY,28-Aug-17
859,16:51:59,GS,CG2012,11.03%,NR,1-Jan-03,2-Jan-03,500,135.62,6.06,18-Jul-00,HALF-YEARLY,18-Jul-12
860,16:52:01,GS,CG2019,10.03%,NR,1-Jan-03,2-Jan-03,500,137.7,6.326,9-Aug-01,HALF-YEARLY,9-Aug-19
861,16:52:29,GS,CG2019,10.03%,NR,1-Jan-03,2-Jan-03,1000,137.7,6.326,9-Aug-01,HALF-YEARLY,9-Aug-19
862,16:52:32,GS,CG2017,8.07%,NR,1-Jan-03,2-Jan-03,500,117.4,6.196,15-Jan-02,HALF-YEARLY,15-Jan-17
863,16:52:34,GS,CG2017,7.49%,NR,1-Jan-03,2-Jan-03,500,111.95,6.216,16-Apr-02,HALF-YEARLY,16-Apr-17
864,16:52:37,GS,CG2012,11.03%,NR,1-Jan-03,2-Jan-03,500,135.66,6.055,18-Jul-00,HALF-YEARLY,18-Jul-12
865,16:52:39,GS,CG2012,7.40%,NR,1-Jan-03,2-Jan-03,500,109.69,6.029,3-May-02,HALF-YEARLY,3-May-12
866,16:52:42,GS,CG2017,7.49%,NR,1-Jan-03,2-Jan-03,1000,111.93,6.218,16-Apr-02,HALF-YEARLY,16-Apr-17
867,16:52:52,GS,CG2013,9.81%,NR,1-Jan-03,2-Jan-03,500,128.7,6.056,30-May-01,HALF-YEARLY,30-May-13
868,16:53:57,GS,CG2004,12.50%,NR,1-Jan-03,2-Jan-03,500,108.0975,5.573,23-Mar-94,HALF-YEARLY,23-Mar-04
869,16:58:57,GS,CG2012,7.40%,NR,1-Jan-03,2-Jan-03,1500,109.7,6.027,3-May-02,HALF-YEARLY,3-May-12
870,16:59:01,GS,CG2015,9.85%,NR,1-Jan-03,2-Jan-03,500,132.7,6.125,16-Oct-01,HALF-YEARLY,16-Oct-15
871,16:59:04,GS,CG2011A,11.50%,NR,1-Jan-03,2-Jan-03,500,137.14,6.044,24-Nov-00,HALF-YEARLY,24-Nov-11
872,16:59:06,GS,CG2017,8.07%,NR,1-Jan-03,2-Jan-03,500,117.38,6.198,15-Jan-02,HALF-YEARLY,15-Jan-17
873,16:59:10,GS,CG2012,11.03%,NR,1-Jan-03,2-Jan-03,1000,135.62,6.06,18-Jul-00,HALF-YEARLY,18-Jul-12
874,16:59:13,GS,CG2012,11.03%,NR,1-Jan-03,2-Jan-03,500,135.67,6.054,18-Jul-00,HALF-YEARLY,18-Jul-12
875,16:59:15,GS,CG2011,9.39%,NR,1-Jan-03,2-Jan-03,500,122.1,6.033,2-Jul-01,HALF-YEARLY,2-Jul-11
876,16:59:18,GS,CG2019,10.03%,NR,1-Jan-03,2-Jan-03,500,137.7,6.326,9-Aug-01,HALF-YEARLY,9-Aug-19
877,16:59:22,GS,CG2017,7.46%,NR,1-Jan-03,2-Jan-03,500,111.9,6.209,28-Aug-02,HALF-YEARLY,28-Aug-17
878,16:59:27,GS,CG2012,11.03%,NR,1-Jan-03,2-Jan-03,500,135.67,6.054,18-Jul-00,HALF-YEARLY,18-Jul-12
879,16:59:29,GS,CG2017,7.46%,NR,1-Jan-03,2-Jan-03,500,111.94,6.205,28-Aug-02,HALF-YEARLY,28-Aug-17
880,16:59:32,GS,CG2017,7.46%,NR,1-Jan-03,2-Jan-03,500,111.885,6.21,28-Aug-02,HALF-YEARLY,28-Aug-17
881,16:59:36,GS,CG2012,11.03%,NR,1-Jan-03,2-Jan-03,500,135.63,6.059,18-Jul-00,HALF-YEARLY,18-Jul-12
883,16:59:53,GS,CG2017,7.46%,NR,1-Jan-03,2-Jan-03,500,111.92,6.207,28-Aug-02,HALF-YEARLY,28-Aug-17
884,16:59:56,GS,CG2017,7.46%,NR,1-Jan-03,2-Jan-03,500,111.92,6.207,28-Aug-02,HALF-YEARLY,28-Aug-17
885,17:00:19,GS,CG2013,9.81%,NR,1-Jan-03,2-Jan-03,500,128.75,6.051,30-May-01,HALF-YEARLY,30-May-13
886,17:00:23,GS,CG2015,9.85%,NR,1-Jan-03,2-Jan-03,500,132.69,6.126,16-Oct-01,HALF-YEARLY,16-Oct-15
887,17:00:28,GS,CG2012,11.03%,NR,1-Jan-03,2-Jan-03,500,135.67,6.054,18-Jul-00,HALF-YEARLY,18-Jul-12
888,17:03:58,GS,CG2012,11.03%,NR,1-Jan-03,2-Jan-03,500,135.64,6.057,18-Jul-00,HALF-YEARLY,18-Jul-12
889,17:04:02,GS,CG2017,7.46%,NR,1-Jan-03,2-Jan-03,2500,111.93,6.206,28-Aug-02,HALF-YEARLY,28-Aug-17
892,17:04:19,GS,CG2022,8.35%,NR,1-Jan-03,2-Jan-03,500,121.5,6.399,14-May-02,HALF-YEARLY,14-May-22
893,17:04:21,GS,CG2015,10.47%,NR,1-Jan-03,2-Jan-03,500,136.14,6.183,12-Feb-01,HALF-YEARLY,12-Feb-15
894,17:08:20,GS,CG2017,7.46%,NR,1-Jan-03,2-Jan-03,500,111.91,6.208,28-Aug-02,HALF-YEARLY,28-Aug-17
895,17:08:23,GS,CG2017,7.46%,NR,1-Jan-03,2-Jan-03,500,111.9,6.209,28-Aug-02,HALF-YEARLY,28-Aug-17
896,17:08:26,GS,CG2017,7.46%,NR,1-Jan-03,2-Jan-03,500,111.95,6.204,28-Aug-02,HALF-YEARLY,28-Aug-17
897,17:08:29,GS,CG2015,9.85%,NR,1-Jan-03,2-Jan-03,500,132.69,6.126,16-Oct-01,HALF-YEARLY,16-Oct-15
898,17:08:31,GS,CG2015,9.85%,NR,1-Jan-03,2-Jan-03,500,132.68,6.127,16-Oct-01,HALF-YEARLY,16-Oct-15
899,17:08:34,GS,CG2019,10.03%,NR,1-Jan-03,2-Jan-03,500,137.7,6.326,9-Aug-01,HALF-YEARLY,9-Aug-19
900,17:10:21,GS,CG2022,8.35%,NR,1-Jan-03,2-Jan-03,500,121.6,6.391,14-May-02,HALF-YEARLY,14-May-22
901,17:10:24,GS,CG2022,8.35%,NR,1-Jan-03,2-Jan-03,500,121.6,6.391,14-May-02,HALF-YEARLY,14-May-22
902,17:10:28,GS,CG2017,7.46%,NR,1-Jan-03,2-Jan-03,1000,111.95,6.204,28-Aug-02,HALF-YEARLY,28-Aug-17
903,17:10:31,GS,CG2017,7.46%,NR,1-Jan-03,2-Jan-03,1000,111.94,6.205,28-Aug-02,HALF-YEARLY,28-Aug-17
904,17:10:35,GS,CG2017,7.46%,NR,1-Jan-03,2-Jan-03,1000,111.94,6.205,28-Aug-02,HALF-YEARLY,28-Aug-17
905,17:10:39,GS,CG2017,7.46%,NR,1-Jan-03,2-Jan-03,500,111.905,6.208,28-Aug-02,HALF-YEARLY,28-Aug-17
906,17:10:41,GS,CG2011,9.39%,NR,1-Jan-03,2-Jan-03,2500,122.08,6.036,2-Jul-01,HALF-YEARLY,2-Jul-11
907,17:10:44,GS,CG2022,8.35%,NR,1-Jan-03,2-Jan-03,1000,121.5,6.399,14-May-02,HALF-YEARLY,14-May-22
908,17:10:46,GS,CG2017,7.46%,NR,1-Jan-03,2-Jan-03,500,111.94,6.205,28-Aug-02,HALF-YEARLY,28-Aug-17
909,17:16:13,GS,CG2011,9.39%,NR,1-Jan-03,2-Jan-03,500,122.08,6.036,2-Jul-01,HALF-YEARLY,2-Jul-11
910,17:16:19,GS,CG2022,8.35%,NR,1-Jan-03,2-Jan-03,500,121.5,6.399,14-May-02,HALF-YEARLY,14-May-22
911,17:16:22,GS,CG2022,8.35%,NR,1-Jan-03,2-Jan-03,500,121.55,6.395,14-May-02,HALF-YEARLY,14-May-22
912,17:16:28,GS,CG2011,10.95%,NR,1-Jan-03,2-Jan-03,500,131.65,6.089,30-May-00,HALF-YEARLY,30-May-11
913,17:16:37,GS,CG2015,11.43%,NR,1-Jan-03,2-Jan-03,1500,144.5,6.265,7-Aug-00,HALF-YEARLY,7-Aug-15
914,17:16:40,GS,CG2022,8.35%,NR,1-Jan-03,2-Jan-03,1000,121.5,6.399,14-May-02,HALF-YEARLY,14-May-22
915,17:17:25,GS,CG2011,10.95%,NR,1-Jan-03,2-Jan-03,500,131.65,6.089,30-May-00,HALF-YEARLY,30-May-11
916,17:17:29,GS,CG2022,8.35%,NR,1-Jan-03,2-Jan-03,2500,121.6,6.391,14-May-02,HALF-YEARLY,14-May-22
917,17:17:31,GS,CG2012,7.40%,NR,1-Jan-03,2-Jan-03,500,109.7,6.027,3-May-02,HALF-YEARLY,3-May-12
918,17:17:34,GS,CG2012,11.03%,NR,1-Jan-03,2-Jan-03,500,135.65,6.056,18-Jul-00,HALF-YEARLY,18-Jul-12
919,17:17:37,GS,CG2017,7.46%,NR,1-Jan-03,2-Jan-03,500,111.95,6.204,28-Aug-02,HALF-YEARLY,28-Aug-17
920,17:17:39,GS,CG2017,7.46%,NR,1-Jan-03,2-Jan-03,500,111.98,6.201,28-Aug-02,HALF-YEARLY,28-Aug-17
921,17:17:41,GS,CG2011,10.95%,NR,1-Jan-03,2-Jan-03,500,131.66,6.088,30-May-00,HALF-YEARLY,30-May-11
922,17:17:43,GS,CG2022,8.35%,NR,1-Jan-03,2-Jan-03,500,121.6,6.391,14-May-02,HALF-YEARLY,14-May-22
923,17:17:49,GS,CG2017,8.07%,NR,1-Jan-03,2-Jan-03,1000,117.46,6.19,15-Jan-02,HALF-YEARLY,15-Jan-17
924,17:17:52,GS,CG2011,10.95%,NR,1-Jan-03,2-Jan-03,500,131.62,6.093,30-May-00,HALF-YEARLY,30-May-11
925,17:17:54,GS,CG2017,7.46%,NR,1-Jan-03,2-Jan-03,500,112,6.199,28-Aug-02,HALF-YEARLY,28-Aug-17
926,17:17:57,GS,CG2022,8.35%,NR,1-Jan-03,2-Jan-03,500,121.52,6.397,14-May-02,HALF-YEARLY,14-May-22
927,17:17:59,GS,CG2022,8.35%,NR,1-Jan-03,2-Jan-03,500,121.6,6.391,14-May-02,HALF-YEARLY,14-May-22
928,17:18:02,GS,CG2017,8.07%,NR,1-Jan-03,2-Jan-03,500,117.47,6.189,15-Jan-02,HALF-YEARLY,15-Jan-17
929,17:18:05,GS,CG2015,9.85%,NR,1-Jan-03,2-Jan-03,500,132.7,6.125,16-Oct-01,HALF-YEARLY,16-Oct-15
930,17:18:09,GS,CG2017,7.46%,NR,1-Jan-03,2-Jan-03,500,111.9,6.209,28-Aug-02,HALF-YEARLY,28-Aug-17
931,17:20:55,GS,CG2017,8.07%,NR,1-Jan-03,2-Jan-03,500,117.45,6.191,15-Jan-02,HALF-YEARLY,15-Jan-17
932,17:20:58,GS,CG2017,8.07%,NR,1-Jan-03,2-Jan-03,500,117.47,6.189,15-Jan-02,HALF-YEARLY,15-Jan-17
933,17:21:01,GS,CG2017,7.46%,NR,1-Jan-03,2-Jan-03,500,112,6.199,28-Aug-02,HALF-YEARLY,28-Aug-17
934,17:21:03,GS,CG2012,7.40%,NR,1-Jan-03,2-Jan-03,1000,109.71,6.026,3-May-02,HALF-YEARLY,3-May-12
935,17:21:06,GS,CG2017,7.46%,NR,1-Jan-03,2-Jan-03,500,111.9,6.209,28-Aug-02,HALF-YEARLY,28-Aug-17
936,17:21:08,GS,CG2008,11.40%,NR,1-Jan-03,2-Jan-03,500,126.95,5.756,31-Aug-00,HALF-YEARLY,31-Aug-08
937,17:21:15,GS,CG2015,9.85%,NR,1-Jan-03,2-Jan-03,500,132.75,6.12,16-Oct-01,HALF-YEARLY,16-Oct-15
938,17:21:20,GS,CG2022,8.35%,NR,1-Jan-03,2-Jan-03,500,121.65,6.387,14-May-02,HALF-YEARLY,14-May-22
939,17:21:23,GS,CG2022,8.35%,NR,1-Jan-03,2-Jan-03,500,121.58,6.393,14-May-02,HALF-YEARLY,14-May-22
941,17:29:19,GS,CG2017,7.46%,NR,1-Jan-03,2-Jan-03,500,111.98,6.201,28-Aug-02,HALF-YEARLY,28-Aug-17
943,17:35:17,GS,CG2012,7.40%,NR,1-Jan-03,2-Jan-03,1000,109.7,6.027,3-May-02,HALF-YEARLY,3-May-12
944,17:35:24,GS,CG2022,8.35%,NR,1-Jan-03,2-Jan-03,500,121.6,6.391,14-May-02,HALF-YEARLY,14-May-22
945,17:35:27,GS,CG2012,11.03%,NR,1-Jan-03,2-Jan-03,500,135.64,6.057,18-Jul-00,HALF-YEARLY,18-Jul-12
946,17:35:30,GS,CG2017,7.46%,NR,1-Jan-03,2-Jan-03,500,111.96,6.203,28-Aug-02,HALF-YEARLY,28-Aug-17
947,17:35:32,GS,CG2012,11.03%,NR,1-Jan-03,2-Jan-03,500,135.7,6.051,18-Jul-00,HALF-YEARLY,18-Jul-12
948,17:35:35,GS,CG2022,8.35%,NR,1-Jan-03,2-Jan-03,500,121.6,6.391,14-May-02,HALF-YEARLY,14-May-22
949,17:35:37,GS,CG2013,9.81%,NR,1-Jan-03,2-Jan-03,500,128.76,6.05,30-May-01,HALF-YEARLY,30-May-13
950,17:35:49,GS,CG2012,7.40%,NR,1-Jan-03,2-Jan-03,1000,109.65,6.034,3-May-02,HALF-YEARLY,3-May-12
951,17:35:52,GS,CG2008,11.40%,NR,1-Jan-03,2-Jan-03,500,127.05,5.738,31-Aug-00,HALF-YEARLY,31-Aug-08
952,17:36:01,GS,CG2015,9.85%,NR,1-Jan-03,2-Jan-03,2000,132.7,6.125,16-Oct-01,HALF-YEARLY,16-Oct-15
953,17:36:04,GS,CG2019,10.03%,NR,1-Jan-03,2-Jan-03,1000,137.7,6.326,9-Aug-01,HALF-YEARLY,9-Aug-19
954,17:36:07,GS,CG2019,10.03%,NR,1-Jan-03,2-Jan-03,2000,137.8,6.318,9-Aug-01,HALF-YEARLY,9-Aug-19
955,17:36:09,GS,CG2008,11.40%,NR,1-Jan-03,2-Jan-03,500,127.04,5.74,31-Aug-00,HALF-YEARLY,31-Aug-08
956,17:36:19,GS,CG2012,7.40%,NR,1-Jan-03,2-Jan-03,500,109.78,6.017,3-May-02,HALF-YEARLY,3-May-12
957,17:36:23,GS,CG2019,10.03%,NR,1-Jan-03,2-Jan-03,1000,137.75,6.322,9-Aug-01,HALF-YEARLY,9-Aug-19
958,17:36:25,GS,CG2019,10.03%,NR,1-Jan-03,2-Jan-03,1000,137.85,6.314,9-Aug-01,HALF-YEARLY,9-Aug-19
959,17:36:28,GS,CG2012,7.40%,NR,1-Jan-03,2-Jan-03,500,109.77,6.018,3-May-02,HALF-YEARLY,3-May-12
960,17:36:31,GS,CG2012,7.40%,NR,1-Jan-03,2-Jan-03,500,109.78,6.017,3-May-02,HALF-YEARLY,3-May-12
961,17:36:34,GS,CG2008,11.40%,NR,1-Jan-03,2-Jan-03,500,127.07,5.734,31-Aug-00,HALF-YEARLY,31-Aug-08
962,17:36:36,GS,CG2008,11.40%,NR,1-Jan-03,2-Jan-03,500,127.09,5.731,31-Aug-00,HALF-YEARLY,31-Aug-08
963,17:36:40,GS,CG2008,11.40%,NR,1-Jan-03,2-Jan-03,500,127.1,5.729,31-Aug-00,HALF-YEARLY,31-Aug-08
964,17:36:43,GS,CG2012,7.40%,NR,1-Jan-03,2-Jan-03,500,109.78,6.017,3-May-02,HALF-YEARLY,3-May-12
965,17:47:07,GS,CG2015,11.43%,NR,1-Jan-03,2-Jan-03,1000,144.5,6.265,7-Aug-00,HALF-YEARLY,7-Aug-15
5,10:15:22,GS,CG2017,7.46%,NR,2-Jan-03,2-Jan-03,500,112.4,6.16,28-Aug-02,HALF-YEARLY,28-Aug-17
6,10:15:33,GS,CG2017,7.46%,NR,2-Jan-03,2-Jan-03,500,112.4,6.16,28-Aug-02,HALF-YEARLY,28-Aug-17
7,10:30:44,GS,CG2017,7.46%,NR,2-Jan-03,2-Jan-03,500,112.35,6.165,28-Aug-02,HALF-YEARLY,28-Aug-17
8,10:30:46,GS,CG2017,7.46%,NR,2-Jan-03,2-Jan-03,500,112.35,6.165,28-Aug-02,HALF-YEARLY,28-Aug-17
10,10:30:53,GS,CG2017,7.46%,NR,2-Jan-03,2-Jan-03,500,112.3,6.17,28-Aug-02,HALF-YEARLY,28-Aug-17
11,10:30:55,GS,CG2017,7.46%,NR,2-Jan-03,2-Jan-03,500,112.4,6.16,28-Aug-02,HALF-YEARLY,28-Aug-17
12,10:30:58,GS,CG2017,7.46%,NR,2-Jan-03,2-Jan-03,500,112.4,6.16,28-Aug-02,HALF-YEARLY,28-Aug-17
13,10:31:01,GS,CG2017,7.46%,NR,2-Jan-03,2-Jan-03,500,112.41,6.159,28-Aug-02,HALF-YEARLY,28-Aug-17
14,10:31:04,GS,CG2017,7.46%,NR,2-Jan-03,2-Jan-03,500,112.41,6.159,28-Aug-02,HALF-YEARLY,28-Aug-17
15,10:31:06,GS,CG2017,7.46%,NR,2-Jan-03,2-Jan-03,1000,112.45,6.155,28-Aug-02,HALF-YEARLY,28-Aug-17
16,10:31:22,GS,CG2017,8.07%,NR,2-Jan-03,2-Jan-03,500,117.7,6.167,15-Jan-02,HALF-YEARLY,15-Jan-17
17,10:31:24,GS,CG2017,8.07%,NR,2-Jan-03,2-Jan-03,500,117.8,6.157,15-Jan-02,HALF-YEARLY,15-Jan-17
18,10:31:26,GS,CG2017,8.07%,NR,2-Jan-03,2-Jan-03,500,117.85,6.152,15-Jan-02,HALF-YEARLY,15-Jan-17
19,10:31:31,GS,CG2015,9.85%,NR,2-Jan-03,2-Jan-03,500,132.85,6.111,16-Oct-01,HALF-YEARLY,16-Oct-15
20,10:31:46,GS,CG2019,10.03%,NR,2-Jan-03,2-Jan-03,500,138.3,6.279,9-Aug-01,HALF-YEARLY,9-Aug-19
21,10:31:49,GS,CG2017,8.07%,NR,2-Jan-03,2-Jan-03,500,117.7,6.167,15-Jan-02,HALF-YEARLY,15-Jan-17
22,10:31:58,GS,CG2022,8.35%,NR,2-Jan-03,2-Jan-03,1000,122,6.36,14-May-02,HALF-YEARLY,14-May-22
23,10:32:28,GS,CG2019,10.03%,NR,2-Jan-03,2-Jan-03,500,138.25,6.283,9-Aug-01,HALF-YEARLY,9-Aug-19
24,10:32:45,GS,CG2017,7.46%,NR,2-Jan-03,2-Jan-03,500,112.45,6.155,28-Aug-02,HALF-YEARLY,28-Aug-17
26,10:48:29,GS,CG2019,10.03%,NR,2-Jan-03,2-Jan-03,500,138,6.302,9-Aug-01,HALF-YEARLY,9-Aug-19
27,10:48:31,GS,CG2022,8.35%,NR,2-Jan-03,2-Jan-03,500,122,6.36,14-May-02,HALF-YEARLY,14-May-22
28,10:48:33,GS,CG2011A,11.50%,NR,2-Jan-03,2-Jan-03,1000,137.4,6.013,24-Nov-00,HALF-YEARLY,24-Nov-11
29,10:48:36,GS,CG2012,9.40%,NR,2-Jan-03,2-Jan-03,500,124.44,6.034,11-Sep-01,HALF-YEARLY,11-Sep-12
30,10:48:39,GS,CG2011,10.95%,NR,2-Jan-03,2-Jan-03,1000,131.95,6.051,30-May-00,HALF-YEARLY,30-May-11
31,10:48:42,GS,CG2013,9.81%,NR,2-Jan-03,2-Jan-03,1000,128.86,6.039,30-May-01,HALF-YEARLY,30-May-13
32,10:48:45,GS,CG2022,8.35%,NR,2-Jan-03,2-Jan-03,500,121.75,6.379,14-May-02,HALF-YEARLY,14-May-22
33,10:48:53,GS,CG2021,10.25%,NR,2-Jan-03,2-Jan-03,2500,141.85,6.362,30-May-01,HALF-YEARLY,30-May-21
35,10:49:01,GS,CG2022,8.35%,NR,2-Jan-03,2-Jan-03,1000,121.95,6.364,14-May-02,HALF-YEARLY,14-May-22
36,10:49:04,GS,CG2015,9.85%,NR,2-Jan-03,2-Jan-03,500,133,6.097,16-Oct-01,HALF-YEARLY,16-Oct-15
37,10:49:07,GS,CG2017,8.07%,NR,2-Jan-03,2-Jan-03,500,117.75,6.162,15-Jan-02,HALF-YEARLY,15-Jan-17
38,10:49:28,GS,CG2011,10.95%,NR,2-Jan-03,2-Jan-03,500,132,6.044,30-May-00,HALF-YEARLY,30-May-11
39,10:49:37,GS,CG2017,7.49%,NR,2-Jan-03,2-Jan-03,500,112.5,6.162,16-Apr-02,HALF-YEARLY,16-Apr-17
40,10:49:39,GS,CG2017,7.49%,NR,2-Jan-03,2-Jan-03,500,112.4,6.172,16-Apr-02,HALF-YEARLY,16-Apr-17
41,10:49:40,GS,CG2017,7.49%,NR,2-Jan-03,2-Jan-03,500,112.49,6.163,16-Apr-02,HALF-YEARLY,16-Apr-17
42,10:49:41,GS,CG2017,7.49%,NR,2-Jan-03,2-Jan-03,500,112.42,6.17,16-Apr-02,HALF-YEARLY,16-Apr-17
43,10:49:43,GS,CG2017,7.49%,NR,2-Jan-03,2-Jan-03,500,112.4,6.172,16-Apr-02,HALF-YEARLY,16-Apr-17
44,10:49:45,GS,CG2017,7.49%,NR,2-Jan-03,2-Jan-03,500,112.3,6.181,16-Apr-02,HALF-YEARLY,16-Apr-17
45,10:49:46,GS,CG2017,7.49%,NR,2-Jan-03,2-Jan-03,500,112.4,6.172,16-Apr-02,HALF-YEARLY,16-Apr-17
46,10:49:48,GS,CG2009,6.96%,NR,2-Jan-03,2-Jan-03,500,104.5,6.086,30-Mar-02,HALF-YEARLY,30-Mar-09
47,10:49:49,GS,CG2017,7.49%,NR,2-Jan-03,2-Jan-03,500,112.48,6.164,16-Apr-02,HALF-YEARLY,16-Apr-17
48,10:49:52,GS,CG2011,10.95%,NR,2-Jan-03,2-Jan-03,500,131.98,6.047,30-May-00,HALF-YEARLY,30-May-11
49,10:58:09,GS,CG2011,10.95%,NR,2-Jan-03,2-Jan-03,500,132,6.044,30-May-00,HALF-YEARLY,30-May-11
50,10:58:11,GS,CG2017,7.49%,NR,2-Jan-03,2-Jan-03,500,112.4,6.172,16-Apr-02,HALF-YEARLY,16-Apr-17
52,10:58:14,GS,CG2015,9.85%,NR,2-Jan-03,2-Jan-03,500,132.97,6.1,16-Oct-01,HALF-YEARLY,16-Oct-15
53,10:58:18,GS,CG2011,12.32%,NR,2-Jan-03,2-Jan-03,1000,139.05,6.118,29-Jan-99,HALF-YEARLY,29-Jan-11
54,10:58:20,GS,CG2016,10.71%,NR,2-Jan-03,2-Jan-03,500,140.65,6.182,19-Apr-01,HALF-YEARLY,19-Apr-16
55,10:58:23,GS,CG2012,11.03%,NR,2-Jan-03,2-Jan-03,500,135.85,6.033,18-Jul-00,HALF-YEARLY,18-Jul-12
56,10:58:26,GS,CG2017,7.46%,NR,2-Jan-03,2-Jan-03,500,112.25,6.175,28-Aug-02,HALF-YEARLY,28-Aug-17
57,10:58:29,GS,CG2017,7.49%,NR,2-Jan-03,2-Jan-03,500,112.4,6.172,16-Apr-02,HALF-YEARLY,16-Apr-17
58,10:58:33,GS,CG2016,10.71%,NR,2-Jan-03,2-Jan-03,500,140.75,6.173,19-Apr-01,HALF-YEARLY,19-Apr-16
59,10:58:42,GS,CG2017,7.49%,NR,2-Jan-03,2-Jan-03,500,112.4,6.172,16-Apr-02,HALF-YEARLY,16-Apr-17
61,10:59:49,GS,CG2012,7.40%,NR,2-Jan-03,2-Jan-03,500,109.8,6.014,3-May-02,HALF-YEARLY,3-May-12
62,11:00:06,GS,CG2011,9.39%,NR,2-Jan-03,2-Jan-03,500,122.34,6.001,2-Jul-01,HALF-YEARLY,2-Jul-11
63,11:11:15,GS,CG2016,10.71%,NR,2-Jan-03,2-Jan-03,500,140.55,6.191,19-Apr-01,HALF-YEARLY,19-Apr-16
64,11:11:17,GS,CG2011A,11.50%,NR,2-Jan-03,2-Jan-03,1000,137.32,6.022,24-Nov-00,HALF-YEARLY,24-Nov-11
65,11:11:19,GS,CG2022,8.35%,NR,2-Jan-03,2-Jan-03,500,121.95,6.364,14-May-02,HALF-YEARLY,14-May-22
66,11:11:20,GS,CG2022,8.35%,NR,2-Jan-03,2-Jan-03,500,121.99,6.361,14-May-02,HALF-YEARLY,14-May-22
67,11:11:22,GS,CG2017,8.07%,NR,2-Jan-03,2-Jan-03,500,117.67,6.17,15-Jan-02,HALF-YEARLY,15-Jan-17
68,11:11:24,GS,CG2017,8.07%,NR,2-Jan-03,2-Jan-03,500,117.83,6.154,15-Jan-02,HALF-YEARLY,15-Jan-17
69,11:11:25,GS,CG2017,7.49%,NR,2-Jan-03,2-Jan-03,500,112.45,6.167,16-Apr-02,HALF-YEARLY,16-Apr-17
70,11:11:27,GS,CG2011,9.39%,NR,2-Jan-03,2-Jan-03,500,122.41,5.991,2-Jul-01,HALF-YEARLY,2-Jul-11
71,11:11:29,GS,CG2013,9.81%,NR,2-Jan-03,2-Jan-03,500,128.9,6.034,30-May-01,HALF-YEARLY,30-May-13
72,11:11:30,GS,CG2017,7.49%,NR,2-Jan-03,2-Jan-03,500,112.5,6.162,16-Apr-02,HALF-YEARLY,16-Apr-17
73,11:11:32,GS,CG2016,10.71%,NR,2-Jan-03,2-Jan-03,500,140.55,6.191,19-Apr-01,HALF-YEARLY,19-Apr-16
74,11:11:34,GS,CG2011,10.95%,NR,2-Jan-03,2-Jan-03,500,132.03,6.041,30-May-00,HALF-YEARLY,30-May-11
75,11:11:35,GS,CG2012,11.03%,NR,2-Jan-03,2-Jan-03,500,135.85,6.033,18-Jul-00,HALF-YEARLY,18-Jul-12
76,11:11:37,GS,CG2008,11.40%,NR,2-Jan-03,2-Jan-03,1000,127.23,5.705,31-Aug-00,HALF-YEARLY,31-Aug-08
77,11:11:38,GS,CG2012,9.40%,NR,2-Jan-03,2-Jan-03,500,124.4,6.039,11-Sep-01,HALF-YEARLY,11-Sep-12
78,11:22:42,GS,CG2011,9.39%,NR,2-Jan-03,2-Jan-03,500,122.37,5.997,2-Jul-01,HALF-YEARLY,2-Jul-11
79,11:22:44,GS,CG2017,8.07%,NR,2-Jan-03,2-Jan-03,500,117.84,6.153,15-Jan-02,HALF-YEARLY,15-Jan-17
80,11:22:46,GS,CG2017,7.49%,NR,2-Jan-03,2-Jan-03,500,112.47,6.165,16-Apr-02,HALF-YEARLY,16-Apr-17
81,11:22:49,GS,CG2017,7.49%,NR,2-Jan-03,2-Jan-03,500,112.44,6.168,16-Apr-02,HALF-YEARLY,16-Apr-17
